2552 4084
276 307 322 358 Aa
339 306 504 360 excussu
521 305 681 360 uuousrr
697 307 735 359 11.
753 309 862 361 so-se.
1017 308 1059 375 89

67 520 137 585 que
155 495 295 564 accolas
319 498 353 562 in
375 496 500 565 bellum
516 498 639 564 traxit:
663 497 734 564 dux
748 507 782 564 et
803 497 867 583 his,
890 497 1057 586 Mazippa.
1084 518 1110 559 10

69 602 275 688 divisusque
298 603 478 685 exereitus,
501 610 539 667 ut
554 601 756 668 Tacfarinas
779 600 885 669 lectos
908 604 998 668 viros
1023 612 1058 670 et

68 707 267 773 Romanum
289 708 323 771 in
337 705 473 773 modum
493 717 641 773 armatos
668 707 790 773 castris
813 707 983 790 attineret,
1008 707 1057 773 di·

72 809 243 898 sciplinae
267 819 301 876 et
323 811 470 898 imperiis
494 819 677 895 suesceret,
706 809 863 898 Mazippa
891 810 959 876 levi
982 834 1057 878 eum

73 915 175 1001 copia
198 912 357 980 incendia
380 923 414 980 et
437 913 559 981 caedes
582 924 616 981 et
639 923 800 980 terrorem
815 915 1056 982 circumferret.

73 1017 365 1105 conpulerantque
399 1015 580 1102 Cinithios,
615 1017 707 1084 haud
742 1017 964 1105 spernendam
996 1043 1056 1087 na·
1084 1039 1109 1080 15

74 1121 216 1204 tionem,
239 1122 274 1185 in
298 1119 425 1205 eadem,
454 1144 530 1188 cum
551 1122 674 1187 Furius
698 1120 861 1188 Camillus
889 1143 948 1208 pro
977 1144 1056 1190 con·

75 1225 149 1291 sule
171 1223 310 1291 Africae
333 1224 500 1309 legionem
522 1235 556 1290 et
572 1225 661 1312 quod
684 1224 745 1290 sub
767 1226 873 1308 signis
890 1226 1056 1294 sociorum

75 1331 109 1395 in
143 1351 248 1395 unum
280 1328 464 1395 conductos
500 1327 545 1394 ad
577 1328 708 1394 hostem
743 1328 854 1412 duxit,
888 1328 1056 1396 modicam

74 1455 221 1516 manum,
246 1434 274 1497 si
296 1431 544 1498 multitudinem
565 1431 786 1498 Numidarum
808 1432 1054 1518 atqueMeuro·

75 1559 147 1602 rum
176 1547 365 1624 spectares3
404 1537 464 1602 scd
491 1537 575 1602 nihil
605 1559 711 1623 aeque
740 1535 927 1603 cavebatur
954 1560 1055 1624 quam
1081 1559 1106 1599 a

75 1662 116 1705 ne
139 1638 267 1706 bellum
294 1649 385 1706 metu
414 1639 603 1706 eluderent:
635 1661 694 1726 spe
721 1641 888 1706 victoriae
923 1639 1054 1706 inducti

77 1752 153 1809 sunt
175 1752 214 1808 ut
236 1744 462 1810 vincerentur.
486 1745 591 1828 igitur
613 1742 702 1827 legio
730 1742 856 1826 medio,
884 1743 974 1810 leves
999 1766 1053 1810 co·

76 1847 189 1914 hortes
224 1846 373 1935 duaeque
407 1847 482 1915 alae
518 1850 552 1913 in
586 1847 744 1914 cornibus
779 1845 945 1913 locantur.
989 1871 1052 1915 nee

76 1951 276 2018 Tacfarinas
291 1971 438 2038 pugnam
456 1952 669 2018 detrectavit.
692 1950 759 2015 fusi
773 1950 947 2035 Numidae,
970 1950 1052 2017 mul·

77 2066 193 2143 touque
214 2065 291 2143 post
313 2077 419 2121 annos
442 2056 546 2122 Furio
568 2057 696 2122 nomini
710 2064 844 2141 partum
868 2053 968 2120 decus
992 2058 1051 2121 mi·
1079 2078 1105 2118 25

75 2158 180 2224 litiae.
203 2180 282 2224 nam
303 2168 380 2245 post
403 2157 497 2225 illum
524 2160 784 2245 reciperatorem
811 2157 904 2223 urbis
932 2158 1051 2224 filium·
1079 2235 1080 2240 γ

76 2285 136 2350 que
160 2263 232 2328 eius
247 2260 425 2328 Camillum
439 2284 540 2349 penes
563 2262 649 2328 alias
671 2261 817 2328 familias
837 2262 1052 2347 imperatoria

76 2366 146 2432 laus
169 2365 295 2449 fuerat3
319 2375 420 2453 atque
435 2365 501 2448 hic,
524 2388 622 2452 quem
636 2386 866 2448 memoramus,
889 2364 1052 2434 bellorum

76 2492 193 2557 expers
217 2468 414 2535 habebatur.
453 2491 491 2535 eo
514 2471 651 2556 pronior
672 2468 826 2535 Tiberius
855 2491 908 2533 res
937 2479 1051 2552 gestas

76 2573 164 2661 apud
205 2582 358 2638 senatum
398 2570 600 2656 celebravit3
645 2580 679 2637 et
719 2571 897 2638 deerevere
936 2581 1049 2657 patres
1077 2594 1103 2634 ro

76 2674 292 2762 triumphalia
316 2676 475 2760 insignia,
500 2675 590 2762 quod
612 2673 755 2742 Camillo
787 2673 828 2739 ob
851 2676 1051 2743 modestiam

74 2783 164 2846 vitae
186 2780 319 2865 impune
341 2778 414 2844 fuit.

175 2880 226 2947 53.
251 2880 398 2969 Sequens
420 2903 527 2948 annus
549 2880 720 2948 Tiberium
741 2885 885 2969 tertium,
912 2883 1049 2952 Germa·

74 2988 186 3054 uicum
208 2987 329 3052 iterum
358 2984 512 3052 consules
535 2984 665 3051 habuit.
701 2985 761 3051 sed
784 3009 858 3052 eum
890 2987 1050 3054 honorem

76 3089 293 3156 Germanicus
317 3089 394 3154 iniit
416 3087 507 3175 apud
534 3087 652 3153 urbem
674 3088 826 3156 Achaiae
848 3091 1047 3177 Nicopolim,

75 3218 136 3284 quo
159 3203 299 3261 venerat
322 3216 382 3280 per
404 3193 579 3279 Illyricam
602 3215 695 3259 oram
717 3194 790 3258 viso
814 3193 919 3260 fratre
935 3194 1047 3260 Druso

75 3302 107 3365 in
122 3297 292 3364 Delmatia
315 3306 449 3381 agente,
473 3296 668 3362 Hadriatici
691 3319 732 3363 ae
749 3318 828 3362 mox
843 3298 929 3363 Ionii
944 3300 1046 3364 maris
1074 3319 1087 3359 s

76 3401 250 3470 adversam
277 3402 531 3486 navigationem
557 3421 745 3488 perpessus.
789 3401 895 3484 igitur
921 3422 1046 3486 paucos

77 3505 144 3572 dies
168 3506 348 3591 insumpsit
370 3504 573 3571 reficiendae
597 3503 716 3588 classi3
745 3502 843 3569 simul
866 3504 957 3568 sinus
981 3502 1047 3570 Ac·

77 3613 163 3677 tiaca
199 3610 343 3676 victoria
378 3608 523 3676 inclutos
555 3617 589 3674 et
623 3617 777 3674 sacratas
812 3605 855 3672 ab
890 3604 1045 3690 Augusto
