2500 4084
221 301 282 366 174
548 298 723 350 occasun
741 299 863 348 merri

219 493 308 576 iecit,
333 499 529 576 tractusque
553 491 599 556 ad
621 486 803 555 Caesarem
830 487 875 553 ab
897 489 939 552 L.
964 487 1124 574 Apronio
1159 509 1205 551 so·

218 616 296 661 cero
311 594 451 660 turbata
466 603 579 659 mente
595 592 779 680 respondit,
802 603 975 678 tamquam
991 593 1065 678 ipse
1085 613 1205 657 somno

179 733 191 772 ⁵
220 699 334 782 gravis
358 708 459 783 atque
483 719 521 762 ee
545 699 701 780 ignarus,
735 706 768 761 et
796 717 883 761 uxor
911 706 1032 781 sponte
1059 705 1207 762 mortem

219 802 426 887 sumpsisset.
450 823 517 865 non
541 810 745 865 cunctanter
766 799 923 864 Tiberius
946 801 1059 884 pergit
1086 801 1126 863 in
1153 796 1207 862 do·

217 927 321 987 nrum,
354 907 435 970 visit
463 903 671 986 cubiculum,
706 905 740 966 in
770 924 834 989 quo
857 901 1059 968 reluctantis
1087 913 1126 967 et
1150 904 1206 966 im·

217 1007 334 1094 pulsae
368 1008 516 1091 vestigia
545 1007 782 1072 cernebantur.
819 1006 923 1070 refert
958 1006 1005 1070 ad
1034 1016 1206 1084 senatum,

219 1111 374 1197 datisque
397 1109 567 1175 iudicibus
590 1109 782 1194 Urgulania
812 1108 943 1174 Silvani
972 1110 1052 1174 avia
1083 1111 1205 1196 pugio-

166 1247 191 1286 ιο
217 1236 294 1280 nem
317 1214 433 1299 nepoti
461 1215 564 1278 misit.
610 1212 700 1298 quod
727 1211 867 1298 perinde
890 1211 1074 1297 creditum,
1104 1212 1205 1299 quasi

217 1318 379 1404 principis
403 1318 541 1400 monitu,
566 1316 608 1381 ob
632 1318 819 1382 amicitiam
841 1314 1018 1400 Augustae
1041 1337 1123 1382 cum
1140 1315 1203 1381 Ur·

218 1420 367 1505 gulania.
413 1443 490 1485 reus
513 1420 640 1485 frustra
662 1429 827 1506 temptate
856 1419 944 1485 ferro
968 1442 1074 1484 venas
1105 1440 1202 1506 prae·

216 1524 290 1590 buit
306 1523 542 1590 exsolvendas.
565 1546 644 1588 mox
659 1524 876 1606 Numantina,
899 1525 992 1608 prior
1013 1545 1103 1588 uxor
1119 1524 1201 1602 eius,

216 1636 380 1693 accusata
404 1628 561 1692 iniecisse
584 1626 789 1692 carminibus
820 1636 853 1692 et
885 1627 1060 1692 veneficiis
1083 1647 1200 1693 vecor-

165 1762 191 1803 1⁶
219 1732 310 1798 diam
332 1733 465 1814 marito,
491 1733 606 1796 insons
630 1731 811 1796 iudicatur.

320 1833 372 1900 23.
395 1835 428 1900 Is
446 1834 579 1899 demum
594 1856 703 1899 annus
719 1833 877 1920 populum
892 1835 1082 1900 Romanum
1098 1834 1198 1917 longo

217 1938 398 2003 adversum
420 1936 602 2002 Numidam
630 1937 882 2003 Tacfarinatem
914 1938 1005 2004 bello
1037 1937 1199 2004 absolvit.

216 2065 295 2107 nam
317 2043 446 2128 priores
470 2041 589 2125 duces,
620 2041 679 2107 ubi
702 2042 914 2128 impetrando
944 2041 1199 2129 triumphalium

217 2147 342 2230 insigni
359 2145 512 2211 sufficere
528 2168 582 2211 res
607 2169 686 2211 suas
702 2145 929 2228 crediderant,
952 2146 1086 2211 hostem
1104 2147 1199 2211 omit·

176 2281 188 2320 s
216 2249 350 2332 tebant3
374 2251 507 2334 iamque
529 2258 599 2314 tres
623 2249 798 2315 laureatae
822 2251 856 2314 in
879 2249 963 2314 urbe
986 2259 1143 2333 statuae,
1168 2257 1197 2312 et

216 2352 327 2419 adhuc
352 2353 512 2438 raptabat
536 2351 688 2419 Africam
711 2353 922 2437 Tacfarinas,
957 2363 1079 2418 auctus
1103 2353 1197 2418 Mau·
1245 2404 1246 2430 ,

215 2479 328 2524 rorum
352 2455 500 2539 auxiliis,
525 2458 591 2542 qui,
614 2456 808 2522 Ptolemaeo
831 2457 938 2522 Iubae
959 2456 1029 2522 filio
1055 2459 1196 2522 iuventa

216 2561 396 2644 incurioso,
420 2558 560 2626 libertos
584 2562 696 2644 regios
721 2570 754 2626 et
778 2561 916 2626 servilia
940 2563 1081 2647 imperia
1106 2561 1196 2627 hello

215 2673 439 2730 mutaverant.
464 2672 536 2729 erat
560 2663 610 2729 illi
625 2664 829 2749 praedarum
844 2674 1001 2750 receptor
1023 2685 1065 2729 ac
1082 2668 1195 2731 socius

162 2797 188 2837 ιο
214 2765 399 2853 populandi
421 2789 483 2832 rex
507 2764 763 2852 Garamantum,
786 2791 853 2833 non
876 2778 912 2833 ut
936 2791 1011 2834 eum
1041 2771 1194 2836 exercitu

215 2861 399 2953 incederet,
424 2871 483 2937 sed
505 2873 617 2936 missis
641 2871 771 2937 levibus
795 2872 917 2957 copiis,
947 2894 1033 2958 quae
1058 2893 1103 2938 ex
1127 2872 1195 2938 lon·

215 2977 339 3060 ginquo
363 2977 397 3039 in
413 2976 521 3039 maius
545 2974 788 3058 audiebantur3
812 2977 950 3061 ipsaque
974 2977 1194 3060 eprovincia,

214 3089 250 3143 ut
274 3081 348 3164 quis
371 3079 527 3144 fortunae
550 3080 663 3165 inops,
687 3077 835 3144 moribus
860 3077 1032 3162 turbidus,
1062 3100 1193 3165 promp-

214 3183 281 3247 tius
297 3180 452 3265 ruebant,
476 3184 554 3268 quia
571 3181 699 3247 Caesar
721 3193 798 3269 post
813 3203 867 3246 res
891 3204 911 3246 a
927 3181 1049 3247 Blaeso
1066 3194 1191 3266 gestas,

164 3314 190 3354 15
221 3288 317 3372 quasi
357 3284 457 3351 nullis
497 3288 564 3351 iam
603 3289 637 3350 in
671 3286 789 3352 Africa
821 3285 990 3369 hostibus,
1027 3289 1193 3372 reportari

214 3410 340 3453 nonam
363 3386 530 3472 legionem
564 3390 725 3472 iusserat,
759 3411 822 3453 nec
855 3411 915 3475 pro
949 3389 1088 3454 consule
1124 3394 1192 3456 eius

215 3490 296 3554 anni
319 3490 355 3552 P.
373 3487 554 3554 Dolabella
577 3493 723 3555 retinere
747 3513 849 3557 ausus
874 3500 963 3576 erat,
986 3493 1080 3558 iussa
1102 3497 1188 3581 prin·
1243 3555 1244 3566 ,

215 3592 298 3675 cipis
321 3592 430 3672 magis
454 3610 552 3674 quam
575 3593 704 3658 incerta
727 3591 809 3658 belli
831 3595 993 3661 metuens.
