2534 4084
281 317 328 368 AB
347 316 510 369 EXOESSU
528 313 687 368 AUGUSTI
704 315 725 366 1.
744 315 854 364 41-44.
1017 313 1056 378 31

67 508 228 574 interfici
244 511 467 594 centuriones,
491 509 556 575 eici
578 507 742 590 tribunos,
766 504 895 571 includi
914 503 1058 589 legatos,

68 611 209 677 infecta
232 614 397 696 sanguine
412 622 537 696 eastra,
558 611 705 694 flumina,
729 631 847 696 meque
869 609 1058 694 precariam

70 717 232 780 animam
256 717 343 781 inter
366 715 514 780 infensos
538 714 682 781 trahere.

185 817 237 882 43.
260 815 328 884 Our
344 820 432 884 enim
446 820 552 904 primo
568 817 736 882 contionis
753 816 807 882 die
824 815 947 881 ferrum
963 812 1057 898 illud,

70 921 170 1008 quod
193 923 323 1007 pectori
344 943 417 987 meo
441 922 579 1005 infigere
601 918 774 1006 parabam,
800 918 1014 1001 detraxistis,
1039 941 1057 982 o

71 1022 251 1110 inprovidi
274 1023 398 1090 amici?
419 1023 538 1090 melius
569 1033 603 1089 et
625 1024 793 1089 amantius
817 1021 875 1087 ille
906 1024 962 1109 qui
985 1020 1057 1106 gla-

73 1127 173 1193 dium
197 1125 367 1194 offerebat.
390 1128 589 1194 cecidissem
612 1138 703 1193 certe
719 1125 868 1192 nondum
889 1136 940 1191 tot
962 1126 1057 1210 flagi-

72 1234 203 1297 tiorum
235 1235 398 1298 exercitui
425 1255 498 1298 meo
522 1234 694 1315 conscius3
728 1230 898 1314 legissetis
928 1229 1057 1314 ducem,
1084 1243 1097 1285 ⁵

72 1337 133 1421 qui
157 1357 269 1400 meam
292 1336 426 1423 quidem
447 1346 588 1401 mortem
611 1336 799 1421 inpunitam
821 1335 957 1419 sineret,
972 1335 1057 1401 Vari

73 1449 194 1503 tamen
219 1449 253 1505 et
276 1442 376 1506 trium
398 1439 571 1524 legionum
593 1440 822 1506 ulcisceretur.
845 1440 1057 1526 nequeenim

76 1543 113 1606 di
137 1544 255 1607 sinant
277 1553 314 1608 ut
336 1543 520 1628 Belgarum
543 1567 744 1631 quamquam
768 1542 977 1608 offerentium
1001 1541 1056 1606 de-

74 1667 137 1710 cus
163 1645 255 1711 istud
278 1657 311 1711 et
334 1646 502 1712 claritudo
526 1649 580 1730 sit,
605 1646 802 1712 subvenisse
823 1646 975 1712 Romano
998 1667 1056 1709 no·

75 1749 178 1830 mini,
203 1752 440 1835 compressisse
464 1748 667 1816 Germaniae
694 1749 844 1836 populos.
873 1760 948 1833 tua,
979 1748 1055 1813 dive
1084 1760 1109 1800 1⁰

75 1851 250 1936 Auguste,
283 1851 378 1918 caelo
406 1864 543 1940 recepta
565 1877 675 1937 mens,
707 1865 782 1939 tua,
816 1863 914 1940 pater
935 1853 1057 1954 Druse,

78 1957 210 2040 imago,
245 1958 295 2021 tui
327 1959 486 2023 memoria
521 1956 628 2025 isdem
661 1959 734 2024 istis
769 1980 845 2023 cum
883 1955 1056 2040 militibus,

78 2082 163 2146 quos
187 2061 254 2125 iam
276 2060 384 2146 pudor
406 2072 439 2127 et
462 2060 571 2146 gloria
605 2063 721 2147 intrat,
754 2062 1056 2127 eluanthancma·

78 2161 193 2228 culam
217 2165 350 2251 irasque
373 2163 490 2229 civiles
514 2167 549 2229 in
572 2166 713 2230 exitium
734 2164 887 2230 hostibus
910 2175 1056 2230 vertant.

78 2288 217 2353 vosque,
240 2288 378 2354 quorum
401 2266 470 2332 alia
498 2290 587 2333 nunc
617 2290 690 2351 ora,
720 2266 789 2333 alia
811 2278 950 2354 pectora
979 2291 1056 2336 con·
1084 2290 1108 2330 1⁵

80 2382 187 2454 tueor,
211 2371 241 2434 si
262 2369 394 2454 legatos
419 2374 563 2456 senatui,
588 2370 783 2458 obsequium
800 2374 1004 2458 imperatori,
1028 2375 1057 2438 si

79 2472 162 2538 mihi
185 2474 362 2558 coniugem
385 2485 418 2539 et
439 2473 545 2539 filium
566 2474 721 2561 redditis,
746 2474 911 2541 discedite
935 2499 955 2541 a
978 2498 1056 2542 con·

80 2587 175 2662 tactu
197 2599 238 2642 ac
262 2577 403 2643 dividite
426 2578 594 2644 turbidos:
618 2577 654 2644 id
677 2578 800 2645 stabile
823 2579 869 2644 ad
883 2582 1056 2666 paeniten-

82 2682 174 2763 tiam,
198 2679 235 2744 id
256 2679 336 2745 fidei
361 2679 532 2746 vinculum
555 2678 637 2747 erit?

183 2781 235 2849 44.
270 2781 443 2870 Supplices
479 2785 524 2850 ad
557 2785 641 2851 haec
678 2797 711 2853 et
743 2810 824 2852 vera
859 2787 1056 2874 exprobrari

83 2888 226 2954 fatentes
251 2881 395 2954 orabant
417 2892 551 2975 puniret
572 2892 712 2975 noxios,
737 2893 928 2975 ignosceret
950 2890 1056 2979 lapsis

84 3003 116 3056 et
132 2990 268 3057 duceret
291 2994 324 3056 in
348 2992 491 3059 hostem:
514 3005 732 3060 revocaretur
748 2997 906 3081 coniunx,
930 2995 1056 3060 rediret

84 3093 248 3178 legionum
283 3094 436 3160 alumnus
469 3119 555 3161 neve
584 3096 681 3162 obses
712 3095 821 3162 Gallis
856 3098 1055 3164 traderetur.

84 3196 223 3262 reditum
245 3195 454 3284 Agrippinae
477 3203 655 3266 excusavit
678 3200 719 3265 ob
744 3203 961 3267 inminentem
981 3224 1056 3288 par·
1083 3237 1096 3276 5

86 3311 151 3365 tum
174 3309 207 3365 et
229 3299 385 3385 hiemem3
408 3313 584 3368 venturum
599 3302 719 3369 filium:
743 3315 857 3370 cetera
881 3307 945 3390 ipsi
962 3327 1055 3369 exse-

88 3413 271 3490 querentur.
311 3403 504 3470 discurrunt
537 3408 659 3472 mutati
693 3417 726 3470 et
765 3406 1056 3475 seditiosissimum

88 3529 242 3593 quemque
265 3508 397 3573 vinctos
421 3508 559 3574 trahunt
582 3509 628 3575 ad
649 3508 800 3593 legatum
822 3509 966 3595 legionis
989 3512 1055 3598 pri-

87 3633 155 3676 mae
182 3607 220 3675 Ο.
248 3607 481 3698 Caetronium,
511 3613 567 3700 qui
599 3611 758 3678 iudicium
788 3623 821 3679 ct
855 3635 982 3700 poenas
1014 3613 1055 3679 de
