2534 4084
260 275 306 326 ns
325 274 488 326 excessu
507 273 666 326 nueusrr
684 273 705 323 1.
727 273 834 327 ro-ro,
999 268 1039 334 15

45 477 113 533 aut
135 465 290 532 sterilem
307 487 424 550 pacem
444 463 657 550 sempiterna.
680 483 743 527 nec
758 460 853 527 aliud
871 461 1039 526 levamen·
1066 477 1092 518 20

46 582 126 638 tum
151 570 308 656 quamsi
337 568 440 634 certis
465 566 527 632 sub
562 565 695 650 legibus
730 563 853 631 militia
887 565 1041 648 iniretur,

49 685 89 740 ut
128 671 285 758 singulos
321 670 478 739 denarios
512 678 691 753 mererent,
725 678 842 735 sextus
881 667 1041 734 decumus

51 776 222 864 stipendii
239 798 346 841 annus
362 777 462 842 finem
477 774 636 856 adferret,
658 771 807 839 neultra
831 771 892 839 sub
906 769 1042 838 vexillis

53 888 267 962 tenerentur,
292 877 353 944 sed
369 877 477 944 isdem
501 879 536 943 in
559 877 683 944 castris
697 878 883 962 praemium
898 877 1042 961 pecunia

56 983 262 1051 solveretur.
302 1005 347 1046 an
383 982 573 1066 praetorias
611 980 783 1063 cohortes,
821 1001 907 1065 quae
943 978 1041 1045 binos
1069 992 1094 1032 2⁵

57 1085 220 1150 denarios
256 1085 467 1170 acceperint,
514 1105 600 1169 quae
633 1092 710 1169 post
750 1081 897 1148 sedecim
935 1104 1042 1147 annos

55 1188 243 1274 penatibus
269 1190 338 1254 suis
372 1187 574 1270 reddantur,
609 1185 685 1272 plus
722 1184 947 1272 periculorum
971 1206 1042 1250 sus-

57 1291 200 1378 cipere?
221 1313 288 1356 non
305 1291 490 1357 obtrectari
513 1313 533 1355 a
557 1313 593 1356 se
608 1289 757 1356 urbanas
774 1287 953 1355 excubias:
978 1287 1043 1354 sibi

58 1405 176 1461 tamen
201 1394 291 1480 apud
306 1394 463 1460 horridas
487 1403 606 1478 gentes
630 1416 648 1459 e
665 1391 895 1460 contuberniis
911 1391 1043 1458 hostem

60 1500 184 1586 aspici.
1064 1511 1096 1550 «³⁰

168 1601 220 1667 18.
243 1601 472 1688 Adstrepebat
489 1601 623 1686 vulgus,
641 1601 786 1668 diversis
804 1599 1044 1683 incitamentis,

60 1707 94 1772 hi
117 1705 299 1771 verberum
321 1715 431 1788 notas,
465 1705 517 1770 illi
541 1706 713 1786 canitiem,
747 1704 883 1790 plurimi
918 1703 1044 1769 detrita

60 1811 214 1893 tegmina
238 1818 271 1875 et
294 1809 421 1876 nudum
443 1831 565 1896 corpus
590 1807 845 1894 exprobrantes.
874 1816 1044 1894 postremo

62 1935 99 1978 eo
122 1913 249 1978 furoris
266 1934 398 1994 venere,
421 1921 459 1976 ut
473 1921 544 1978 tres
561 1912 712 1995 legiones
727 1912 869 1978 miscere
892 1914 929 1978 in
943 1935 1045 1978 unam

63 2017 283 2100 agitaverint.
301 2014 432 2101 depulsi
445 2013 682 2098 aemulatione,
707 2015 785 2101 quia
802 2037 884 2081 suae
905 2018 1045 2102 quisque
1073 2031 1084 2069 ⁵

62 2118 190 2203 legioni
208 2140 282 2185 eum
298 2119 456 2184 honorem
472 2116 691 2204 quaerebant,
707 2117 774 2184 alio
791 2127 929 2185 vertunt
943 2129 1046 2206 atque

64 2243 130 2288 una
153 2230 226 2287 tres
249 2221 382 2308 aquilas
406 2231 439 2288 et
463 2224 562 2307 signa
580 2221 770 2288 cohortium
791 2222 924 2306 locant,
947 2221 1045 2290 simul

65 2334 251 2410 congerunt
273 2328 453 2412 caespites,
477 2334 656 2392 exstruunt
671 2325 832 2409 tribunal,
855 2349 919 2412 quo
936 2328 1045 2411 magis

65 2431 249 2516 conspicua
281 2427 379 2495 sedes
407 2429 504 2494 foret.
533 2428 792 2514 properantibus
815 2427 959 2496 Blaesus
988 2429 1046 2496 ad·

64 2537 168 2618 venit,
191 2532 457 2620 increpabatque
480 2555 520 2599 ac
543 2532 714 2600 retinebat
737 2533 900 2617 singulos,
929 2532 1044 2598 clami·
1073 2548 1098 2588 1⁰

65 2647 141 2704 tans
168 2634 258 2702 ‘mea
292 2636 404 2722 potius
438 2635 543 2701 caede
576 2635 716 2702 imbuite
749 2657 886 2702 manus:
920 2635 1046 2703 leviore

64 2742 193 2827 flagitio
216 2740 367 2825 legatum
377 2741 598 2807 ·=interficietis
628 2762 727 2825 quam
756 2739 799 2805 ab
834 2741 1036 2826 imperatore

67 2845 268 2912 desciscitis.
291 2853 350 2909 aut
367 2842 545 2910 incolumis
567 2843 669 2908 fidem
691 2843 862 2928 legionum
883 2842 1036 2935 retinebo

65 2959 122 3016 aut
146 2947 320 3032 iugulatus
342 2949 586 3033 paenitentiam
609 2946 831 3014 adcelerab0.’

169 3051 220 3116 19.
244 3049 485 3136 Aggerabatur
500 3051 605 3117 nihilo
619 3053 731 3116 minus
748 3071 888 3136 caespes
911 3051 1045 3134 iamque

67 3157 194 3243 pectori
221 3177 327 3242 usque
350 3155 568 3239 adcreverat,
596 3176 672 3222 cum
693 3152 831 3220 tandem
853 3154 1046 3239 pervicacia

67 3261 147 3326 victi
163 3261 334 3345 inceptum
350 3260 502 3324 omisere.
525 3257 667 3324 Blaesus
690 3257 796 3324 multa
814 3255 950 3323 dicendi
973 3265 1047 3321 arte

69 3387 132 3430 non
154 3385 215 3448 per
245 3362 446 3429 seditionem
478 3372 512 3427 et
545 3361 663 3428 turbas
699 3360 869 3429 desideria
901 3359 1046 3427 militum

71 3467 113 3534 ad
134 3464 318 3533 Caesarem
350 3465 491 3531 ferenda
513 3467 573 3550 ait,
606 3487 714 3551 neque
736 3474 869 3530 veteres
903 3463 946 3529 ab
980 3465 1040 3530 im·
1067 3480 1080 3522 o

72 3568 281 3656 peratoribus
314 3570 436 3656 priscis
470 3590 577 3655 neque
600 3570 691 3654 ipsos
725 3592 746 3633 a
781 3568 859 3633 divo
890 3568 1045 3651 Augusto
