2530 4084
225 309 284 374 132
549 309 722 362 consumi
741 311 862 362 TACITI

220 521 299 566 num
314 520 436 585 agmen
460 500 505 566 ad
520 502 774 568 similitudinem
788 501 927 568 barbari
949 505 1106 568 incessus
1125 525 1203 568 con·

220 613 364 670 vortant.
394 626 460 670 uon
484 605 678 673 inbecillum
706 616 839 672 tantum
867 617 900 672 et
930 609 1084 693 inparem
1109 606 1206 671 laho-

220 707 312 773 ribus
336 729 462 792 sexum,
486 709 546 774 sed
569 712 598 774 si
621 710 759 776 licentia
782 710 883 792 adsit,
908 733 1067 794 saevum,
1094 709 1206 775 ambi-

220 812 356 896 tiosum,
379 815 558 898 potcstatis
583 813 734 897 avidum3
764 813 922 880 incedere
944 816 1032 879 inter
1060 814 1206 893 milites,

170 931 193 972 1⁶
219 913 344 980 habere
367 915 412 981 ad
439 939 575 982 manum
602 919 830 1001 centuriones,
857 917 1069 1003 praesedisse
1094 939 1207 1001 nuper

220 1019 378 1084 luminam
407 1022 569 1086 exercitio
598 1020 801 1104 cohortium,
837 1020 981 1085 decursu
1014 1021 1205 1103 legionum.

220 1123 411 1205 cogitarent
434 1125 513 1209 ipsi,
543 1125 696 1209 quotiens
725 1123 985 1210 repetundarum
1008 1122 1120 1207 aliqui
1154 1146 1206 1186 ar-

220 1236 409 1310 guerentur,
431 1225 528 1314 plura
551 1227 711 1293 uxoribus
731 1227 911 1293 obiectari:
935 1226 986 1291 his
1003 1228 1127 1292 statim
1145 1225 1205 1289 ad·

218 1327 414 1394 haerescere
439 1329 652 1396 deterrimum
674 1353 835 1418 quemque
859 1328 1133 1417 provincialium,
1160 1327 1204 1391 ab

168 1447 193 1488 2⁰
219 1431 270 1498 his
287 1435 424 1518 nogotia
441 1436 576 1522 suscipi,
598 1438 758 1520 transigi3
783 1436 922 1502 duorum
937 1456 1095 1518 egressus
1123 1431 1203 1511 coli,

221 1535 284 1603 duo
308 1560 381 1604 osse
404 1541 583 1626 praetoria,
606 1540 841 1625 pervicacibus
858 1541 968 1623 magis
992 1549 1026 1603 et
1043 1539 1203 1621 inpoten-

221 1639 309 1706 tibus
333 1641 508 1708 mulierum
532 1645 642 1726 iussis,
667 1665 752 1728 quae
770 1642 886 1729 Oppiis
911 1641 1081 1729 quondam
1106 1640 1202 1706 aliis·
1258 1637 1259 1716 l

219 1767 282 1832 que
316 1744 448 1830 legibus
488 1749 710 1829 constrictae,
744 1769 833 1811 nuno
868 1745 990 1811 vinclis
1031 1745 1202 1811 exsolutis

221 1848 345 1932 domos,
369 1850 452 1933 fora,
477 1852 543 1915 iam
567 1860 598 1915 et
622 1853 791 1916 exercitus
815 1860 981 1934 regerent.

321 1950 372 2016 34.
401 1952 590 2019 Paucorum
624 1954 708 2018 haec
738 1953 885 2019 adsensu
914 1952 1049 2018 audita:
1083 1952 1202 2038 plures

220 2053 458 2140 obturbabant,
474 2080 580 2143 nequo
596 2057 740 2123 relatum
764 2056 804 2122 de
827 2057 962 2141 negotio
986 2078 1098 2141 neque
1115 2055 1200 2120 Cae-

218 2161 329 2225 cinam
353 2159 490 2244 dignum
513 2171 630 2226 tantae
654 2162 702 2226 roi
725 2183 907 2226 censorem.
935 2181 1015 2224 mox
1036 2159 1201 2226 Valerius

219 2261 438 2346 Messalinus,
468 2265 521 2329 cui
544 2286 667 2350 parens
691 2263 854 2329 Messalla
883 2265 1059 2349 ineratque
1084 2265 1199 2346 imago

179 2395 192 2438 s
217 2373 380 2455 paternae
409 2366 605 2451 facundiae,
635 2368 809 2454 respondit
837 2367 942 2432 multa
971 2366 1121 2431 duritiae
1144 2387 1201 2430 ve·

219 2481 326 2537 terum
355 2472 389 2536 in
417 2470 535 2537 melius
566 2480 599 2536 et
626 2471 750 2537 laetius
773 2480 919 2554 mutata3
954 2491 1061 2555 neque
1097 2472 1200 2550 euim,

219 2584 256 2641 ut
279 2573 373 2658 olim,
402 2572 549 2640 obsideri
572 2573 687 2639 urbem
710 2573 809 2640 bellis
839 2584 898 2639 aut
921 2574 1118 2659 provincias
1142 2573 1200 2638 hos

220 2677 306 2743 stilis
330 2699 413 2743 esse.
437 2687 471 2742 et
492 2700 601 2763 pauca
624 2679 822 2743 seminarum
837 2676 1101 2742 necessitatibus
1120 2699 1198 2742 con-

219 2781 303 2865 cedi,
328 2803 412 2867 quae
434 2803 476 2846 nc
500 2784 679 2866 coniugum
703 2781 836 2868 quidem
859 2790 1008 2866 penates,
1033 2780 1122 2846 adeo
1147 2804 1198 2845 so·
1256 2851 1257 2860 ἦ

168 2915 193 2954 ιο
220 2885 290 2950 cios
314 2907 381 2950 non
405 2897 559 2968 onerent3
583 2894 695 2949 cetera
710 2886 879 2969 promisca
903 2907 977 2948 cum
992 2885 1117 2949 marito
1134 2907 1197 2949 nee
1256 2941 1257 2980 ,

218 2987 322 3052 ullum
344 2989 379 3052 in
404 3009 442 3052 eo
465 2988 560 3074 pacis
585 2987 867 3074 impedimentum.
898 2985 988 3052 bella
1011 2985 1115 3071 plane
1141 3011 1197 3054 ac·
1256 2991 1257 3008 ¹

219 3092 340 3155 cinctis
371 3090 542 3156 obeunda:
573 3090 632 3156 sed
663 3089 911 3155 revertentibus
939 3098 1016 3176 post
1043 3089 1198 3156 laborem

219 3194 307 3281 quod
340 3194 512 3258 honestius
548 3215 648 3279 quam
679 3195 834 3258 uxorium
867 3193 1121 3258 levamentum?
1160 3205 1198 3258 at

218 3297 380 3385 quasdam
409 3299 442 3361 in
473 3295 691 3362 ambitionem
716 3306 776 3362 aut
799 3298 980 3361 avaritiam
1006 3295 1196 3381 prolapsas.

131 3429 137 3437 ¹
167 3431 193 3474 ιι
218 3401 321 3488 quid?
343 3403 490 3487 ipsorum
512 3400 772 3483 magistratuum
800 3421 913 3464 nonne
935 3398 1112 3484 plerosque
1136 3423 1194 3464 ra-

217 3506 276 3571 riis
298 3503 497 3570 libidinibus
526 3501 714 3568 obnoxios?
758 3511 960 3568 nontamen
991 3501 1067 3566 ideo
1090 3505 1193 3568 nemi·

217 3609 349 3670 nemin
374 3607 583 3693 provinciam
613 3606 712 3670 mitti.
758 3615 934 3690 corruptos
958 3626 1057 3692 saepe
1081 3607 1191 3692 pravi-
1255 3628 1256 3697 p
