2500 4084
238 331 284 381 se
302 327 466 381 excussu
483 325 707 380 auousmw.
725 324 836 376 ia-so.
964 319 1026 385 189

50 520 192 590 Veneris
215 531 361 588 montem
376 520 468 608 apud
481 519 640 606 Erycum,
662 517 834 586 vetustate
850 515 1026 606 dilapsam,

49 629 233 694 restaurari
247 625 472 714 postulavera,
495 635 576 691 nota
591 633 814 690 memorantes
839 624 880 689 de
896 624 1026 708 origine
1053 625 1079 665 ²⁰

50 734 121 798 eius
155 741 189 796 et
218 730 310 796 laeta
337 729 484 795 Tiberio.
531 729 679 814 suscepit
706 749 823 794 curam
848 727 959 793 libans
988 736 1026 793 ut

49 834 335 918 consanguineus.
365 844 444 899 tunc
468 839 641 899 tractatae
663 831 930 897 Massiliensium
952 853 1026 917 pre-

48 959 105 1002 oes
139 935 386 1024 probatumque
419 937 456 1002 P.
489 935 611 1002 Rutilii
644 933 852 1021 exemplum3‘
882 955 1027 1020 namque

47 1062 122 1106 eum
146 1038 279 1123 legibus
302 1041 434 1126 pulsum
457 1041 565 1105 civem
593 1036 659 1104 sibi
682 1038 863 1123 Zmyrnaei
887 1037 1027 1103 addide-

46 1153 136 1209 rant.
161 1165 225 1230 quo
248 1144 320 1208 iure
341 1141 521 1208 Vulcatius
542 1140 703 1207 Moschus
727 1140 823 1206 exsul
848 1141 883 1206 in
905 1140 1026 1205 Massi·
1053 1145 1078 1184 ⁸⁵

45 1248 173 1314 lienses
202 1256 357 1333 receptus
380 1245 470 1311 bona
499 1267 562 1312 sua
589 1247 640 1310 rei
667 1243 826 1331 publicae
854 1265 967 1310 eorum
989 1253 1025 1308 ut

45 1353 181 1437 patriae
204 1349 396 1437 reliquerat.

152 1451 204 1517 44.
228 1452 353 1520 Obiere
376 1475 415 1519 eo
432 1474 520 1519 anno
543 1455 608 1519 viri
630 1453 761 1519 nobiles
778 1451 839 1518 On.
861 1452 1027 1519 Lentulus

47 1567 79 1622 et
94 1557 137 1621 L.
153 1556 335 1622 Domitius.
356 1555 503 1622 Lentulo
519 1577 618 1642 super
633 1555 845 1622 consulatum
862 1564 896 1621 et
912 1557 1027 1621 trium-

46 1660 165 1746 phalia
187 1660 230 1726 de
254 1658 350 1726 Getis
375 1659 505 1744 gloriae
527 1660 638 1726 fuerat
667 1659 754 1726 bene
776 1659 923 1726 tolerata
945 1681 1027 1746 pau·

48 1775 182 1850 pertas,
214 1763 291 1829 dein
321 1785 467 1848 magnae
503 1787 582 1851 opes
619 1767 819 1831 innocenter
843 1773 965 1850 partae
994 1774 1028 1828 et

47 1868 202 1934 modeste
223 1867 373 1934 habitae.
407 1867 594 1933 Domitium
618 1867 792 1934 decoravit
814 1877 912 1953 pater
935 1868 1027 1933 civili
1054 1888 1081 1940 ⁵1

47 1971 139 2038 bello
161 1963 266 2037 maris
288 1983 425 2058 potens,
455 1970 562 2037 donec
584 1971 726 2038 Antonii
749 1972 920 2059 partibus,
948 1993 1029 2037 mox

48 2074 207 2142 Caesaris
230 2077 438 2142 misceretur.
462 2096 545 2140 avus
569 2075 769 2142 Pharsalica
792 2078 867 2142 acie
888 2097 948 2161 pro
973 2097 1028 2162 op·

49 2177 240 2245 tumatibus
264 2178 446 2245 ceciderat·
471 2179 542 2266 ipse
566 2177 728 2262 delectus,
751 2180 806 2243 cui
828 2179 938 2244 minor
959 2178 1028 2244 An-

48 2283 161 2365 tonia,
195 2281 342 2348 Octavia
371 2284 504 2367 genita,
538 2284 573 2346 in
600 2282 849 2348 matrimonium
881 2282 1027 2365 daretur,

48 2394 126 2470 post
149 2406 227 2451 oum
252 2387 403 2450 exercitu
424 2386 546 2452 flumen
569 2385 684 2451 Albim
707 2385 932 2466 transcendit,
955 2385 1025 2451 lon·
1054 2400 1080 2444 ιο

50 2491 125 2572 gius
141 2497 322 2575 penetrata
338 2487 532 2574 Germania,
556 2511 656 2575 quam
671 2489 848 2576 queisquam
869 2491 1029 2575 priorum,

50 2613 177 2678 easque
200 2590 242 2656 ob
266 2613 319 2657 res
343 2594 492 2677 insignia
514 2593 675 2680 triumphi
691 2593 834 2680 adeptus
858 2602 921 2658 est.
945 2593 1029 2659 obiit

51 2705 83 2760 et
106 2695 148 2760 L.
165 2694 346 2780 Antonius,
368 2696 475 2763 multa
499 2696 704 2763 claritudine
728 2696 872 2782 generis,
897 2695 958 2762 sed
980 2699 1030 2763 in·

49 2819 222 2884 prospera.
238 2819 317 2863 nam
327 2808 424 2886 patre
436 2803 507 2866 eius
521 2800 595 2866 Inlo
607 2800 756 2866 Antonio
769 2800 811 2866 ob
827 2799 1031 2866 adulterium

50 2901 160 2966 Iuliae
191 2911 300 2967 morte
326 2905 443 2989 punito
471 2905 560 2970 hunc
583 2901 765 2970 admodum
793 2904 1030 2971 adulescentu-
1058 2924 1082 2964 ιε

50 3003 129 3087 lum,
155 3006 280 3070 sororis
302 3015 474 3092 nepotem,
505 3009 654 3094 seposuit
676 3007 850 3092 Augustus
882 3010 917 3073 in
947 3009 1030 3073 civi-

53 3117 159 3174 tatem
180 3107 444 3193 Massiliensem,
474 3109 533 3176 ubi
557 3112 668 3198 specie
693 3109 880 3176 studiorum
908 3133 1030 3177 nomen

54 3211 166 3278 exsilii
189 3220 370 3295 tegeretur.
408 3211 545 3278 habitus
574 3225 687 3280 tamen
721 3215 884 3301 supremis
913 3214 1030 3298 honor,

55 3336 197 3402 ossaque
226 3315 352 3381 tumulo
384 3315 603 3383 Octaviorum
631 3316 742 3382 inlata
771 3339 831 3404 per
860 3318 1031 3384 decretum

55 3427 201 3485 senatus.
1057 3442 1083 3482 ao

154 3521 208 3587 45.
238 3522 352 3590 Isdem
379 3524 576 3591 consulibus
599 3524 732 3590 facinus
756 3534 858 3591 atrox
885 3526 920 3590 in
949 3523 1030 3591 cite·

57 3628 140 3693 tiore
150 3621 324 3712 Hispania
339 3626 523 3693 admissum
539 3650 560 3692 a
576 3625 721 3713 quodam
737 3629 866 3711 agresti
880 3630 1031 3694 nationis
