2500 4084
261 274 307 325 AB
320 271 490 325 EXOESSU
508 271 667 324 AUGUSTI
686 273 731 322 IV.
752 272 863 322 ata-34.
1007 271 1063 336 181

88 463 302 528 Romanasve
325 463 415 528 acies
444 462 567 529 laetius
597 461 776 529 extulerisz
811 472 847 528 at
875 462 1065 547 multorum,

88 569 144 653 qui
168 565 304 633 Tiberio
333 575 472 650 regente
493 586 636 653 poenam
657 566 713 633 vel
742 567 900 633 infamias
924 565 1065 650 subiere,

85 672 214 756 posteri
228 681 377 739 manent.
400 680 503 758 utque
518 670 668 737 familiae
683 673 777 757 ipsae
793 673 860 736 iam
877 671 1067 738 exstinctae

88 776 169 858 sint,
191 778 338 863 reperies
362 777 418 861 qui
442 774 484 840 ob
512 774 767 841 similitudinem
795 795 923 840 morum
954 774 1066 840 aliena
1093 795 1119 837 aa

85 878 272 946 malefacta
296 879 362 945 sibi
391 877 556 946 obiectari
584 887 714 965 putent.
759 880 863 944 etiam
892 879 1003 962 gloria
1025 891 1066 944 ac

86 985 198 1048 virtus
222 984 370 1050 infensos
398 981 517 1066 habet,
546 991 583 1048 ut
612 983 712 1049 nimis
744 1005 785 1048 ex
808 984 994 1070 propinquo
1019 981 1067 1048 di-

84 1109 188 1152 versa
212 1108 368 1172 arguens.
393 1086 453 1152 sed
476 1087 521 1152 ad
544 1088 715 1173 inceptum
737 1087 849 1154 redeo.

191 1189 242 1256 34.
266 1191 421 1258 Cornelio
438 1189 543 1258 Oosso
559 1189 679 1256 Asinio
696 1189 849 1277 Agrippa
871 1190 1066 1256 consulibus

85 1293 279 1361 Cremutius
309 1294 439 1362 Cordus
468 1293 675 1381 postulatur,
704 1314 792 1359 novo
820 1316 861 1360 ac
890 1303 971 1359 tunc
1000 1296 1067 1380 pri-

84 1421 175 1464 mum
199 1399 316 1466 audito
340 1401 487 1482 crimine,
512 1398 600 1485 quod
623 1398 724 1464 editis
745 1396 926 1464 annalibus
949 1397 1067 1466 lauda·

84 1513 187 1589 toque
216 1502 260 1566 M.
283 1501 390 1568 Bruto
418 1500 456 1567 O.
479 1499 635 1568 Cassium
657 1502 886 1568 Romanorum
913 1502 1068 1568 ultimum

86 1606 242 1674 dixisset.
265 1604 476 1672 accusabant
498 1603 630 1672 Satrius
655 1604 830 1671 Secundus
853 1614 886 1670 et
909 1608 1065 1675 Pinarius
1093 1627 1106 1667 a

83 1710 204 1794 Natta,
224 1709 340 1776 Seiani
363 1710 515 1776 clientes.
540 1710 576 1776 id
597 1710 821 1798 perniciabile
843 1730 911 1793 rec,
935 1722 970 1778 et
985 1711 1067 1779 an-

85 1837 143 1880 sar
164 1817 255 1880 truci
276 1813 373 1880 uultu
396 1813 626 1882 defensionem
648 1816 835 1901 accipiens,
866 1836 967 1901 quam
990 1813 1068 1880 Cre·

83 1919 224 2002 mutius,
246 1917 489 2005 relinquendae
502 1920 596 1984 vitae
617 1927 741 2001 certus,
766 1920 800 1983 in
822 1919 912 1985 hunc
934 1917 1069 1985 modum

85 2045 229 2088 exorsus
253 2032 322 2088 est:
346 2020 460 2088 ‘verba
482 2044 572 2105 mea,
601 2031 717 2108 patres
739 2024 939 2109 conscripti,
969 2043 1068 2107 argu-

83 2131 206 2191 untur:
239 2126 324 2192 adeo
353 2127 520 2192 factorum
548 2127 710 2192 innocens
739 2148 822 2193 sum.
867 2127 928 2193 sed
958 2149 1068 2215 neque
1097 2146 1122 2186 ιο

85 2229 172 2296 haec
202 2231 238 2295 in
266 2231 454 2317 prinoipem
481 2239 542 2296 aut
570 2231 734 2317 principis
762 2239 951 2316 parentem,
985 2251 1068 2318 quos

86 2335 146 2400 lex
175 2336 366 2402 maiestatis
402 2335 633 2422 amplectitur:
678 2335 822 2402 Brutum
850 2344 883 2400 et
912 2333 1069 2400 Cassium

85 2438 282 2506 laudavisse
306 2439 415 2524 dicor,
445 2462 584 2527 quorum
613 2461 666 2504 res
698 2449 813 2524 gestas
837 2460 912 2504 cum
934 2438 1069 2528 plurimi

86 2545 346 2629 composuerint,
368 2566 465 2610 nemo
490 2546 562 2610 sine
584 2545 711 2610 honore
732 2545 943 2610 memoravit.
966 2543 1068 2608 Titus

86 2646 223 2732 Livius,
254 2647 465 2734 eloquentiae
494 2669 535 2713 ac
562 2647 643 2712 fidei
665 2647 860 2734 praeclarus
883 2649 919 2713 in
941 2649 1068 2733 primis,
1096 2664 1121 2704 1⁵

87 2750 149 2817 On.
165 2753 360 2838 Pompeium
375 2753 482 2818 tantis
498 2750 656 2817 laudibus
672 2750 761 2834 tulit,
776 2761 815 2816 ut
829 2753 1069 2837 Pompeianum

88 2877 165 2919 eum
199 2852 372 2939 Augustus
416 2854 623 2943 appellaret3
668 2875 776 2940 neque
819 2853 856 2920 id
897 2856 1069 2920 amicitiae

88 2978 202 3023 eorum
230 2958 350 3023 offecit.
396 2957 602 3045 Scipionem,
625 2957 817 3042 Afranium,
848 2958 936 3024 hunc
960 2961 1068 3045 ipsum

87 3059 259 3145 Cassium,
289 3059 377 3126 huno
400 3061 542 3128 Brutum
567 3083 735 3148 nusquam
763 3061 912 3128 latrones
936 3072 969 3129 et
991 3085 1067 3149 par·

87 3165 232 3249 rioidas,
266 3187 353 3252 quae
385 3189 475 3232 nunc
508 3166 677 3233 vocabula
711 3169 932 3253 inponuntur,
967 3187 1068 3253 saepe
1095 3179 1120 3223 2⁰

87 3278 125 3334 ut
148 3269 294 3353 insignis
316 3269 408 3335 viros
431 3271 594 3337 nominat.
617 3269 730 3336 Asinii
752 3270 915 3337 Pollionis
939 3271 1066 3356 scripta

90 3374 265 3458 egregiam
294 3373 476 3439 eorundem
497 3375 694 3441 memoriam
717 3373 875 3459 tradunt,
904 3372 1068 3440 Messalla

89 3475 256 3543 Corvinus
301 3477 537 3563 imperatorem
577 3501 673 3545 suum
706 3477 862 3544 Cassium
893 3476 1068 3565 praedica·

88 3581 165 3647 bat:
200 3577 234 3646 et
266 3590 408 3668 uterque
447 3580 565 3667 opibus
605 3591 707 3670 atque
740 3580 924 3648 honoribus
958 3581 1068 3668 pervi-
