2534 4084
280 271 326 320 us
345 269 508 322 sxorssu
525 268 684 322 rueusrr
702 269 724 319 1.
744 269 839 319 s-ro.
1019 267 1040 330 9

167 455 218 522 10.
241 458 428 526 Dicebatur
443 468 578 526 contra:
593 461 756 546 pietatem
772 479 854 543 erga
865 467 1040 544 parentem

53 571 90 626 et
114 571 271 648 tempora
293 565 343 629 rei
364 562 521 650 publicae
538 563 692 629 obtentui
716 571 866 648 sumpta:
890 571 1039 628 ceterum

53 664 223 750 cupidine
246 665 442 732 dominandi
458 667 609 733 concitos
624 689 685 752 per
715 664 931 750 largitionem
949 675 1039 731 vete·

52 791 173 852 renos,
197 780 353 856 paratum
376 770 419 837 ab
441 770 659 837 adulescente
681 771 814 855 privato
844 771 1039 853 exercitum,

53 883 237 959 corruptas
261 873 410 939 consulis
425 873 587 959 legiones,
611 873 803 938 simulatam
818 873 1038 959 Pompeiana·
1078 888 1091 928 5

54 999 132 1042 rum
156 977 304 1061 gratiam
331 977 495 1062 partium,
528 997 608 1067 mox
641 975 700 1042 ubi
734 974 870 1040 decreto
904 984 1038 1060 patrum

54 1081 171 1144 fasces
197 1088 229 1144 et
252 1081 304 1145 ius
326 1081 492 1165 praetoris
516 1081 690 1164 invaserit,
724 1080 833 1144 caesis
856 1079 969 1144 Hirtio
1005 1088 1039 1144 et

53 1183 193 1266 Pansa,
227 1184 298 1248 sive
330 1182 438 1248 hostis
472 1182 565 1266 illos,
601 1205 659 1248 seu
692 1183 840 1248 Pansam
872 1204 1038 1247 venenum

54 1285 192 1352 vulneri
215 1287 380 1370 adfusum,
405 1288 457 1352 sui
472 1287 596 1353 milites
612 1287 761 1352 Hirtium
777 1295 810 1351 et
826 1286 1039 1351 machinator

56 1390 128 1455 doli
159 1388 289 1455 Caesar
319 1390 518 1475 abstulerat,
546 1393 722 1476 utriusque
751 1391 866 1476 copias
896 1410 1036 1475 oocupa—
1064 1405 1090 1445 ¹⁰

54 1496 167 1578 visse,
192 1503 359 1560 extortum
375 1496 481 1561 invito
499 1503 621 1561 senatu
637 1493 859 1577 consulatum,
877 1516 1037 1580 armaque

59 1599 209 1684 quaein
232 1597 416 1664 Antonium
439 1600 609 1685 acceperit
633 1607 751 1664 contra
774 1597 1038 1684 rempublicam

55 1725 176 1785 versa3
199 1703 477 1788 proscriptionem
500 1705 635 1784 civium,
660 1701 844 1767 divisiones
875 1721 1037 1786 agrorum

56 1827 99 1869 ne
121 1805 207 1891 ipsis
232 1805 366 1890 quidem
396 1807 452 1890 qui
481 1806 591 1872 fecere
619 1805 790 1871 laudatas.
820 1827 901 1871 sane
924 1804 1036 1872 Cassii

58 1917 90 1972 et
128 1907 311 1974 Brutorum
348 1911 460 1974 exitus
503 1911 656 1994 paternis
699 1908 885 1974 inimicitiis
926 1908 1034 1992 datos,
1063 1924 1088 1963 ¹⁵

57 2031 263 2099 quamquam
285 2010 338 2076 fas
364 2014 406 2076 sit
421 2013 557 2098 privata
574 2012 652 2078 odia
668 2011 814 2098 publicis
829 2012 1035 2080 utilitatibus

57 2115 247 2180 remittere:
271 2113 331 2180 sod
346 2115 538 2200 Pompeium
562 2116 709 2199 imagine
731 2115 837 2200 pacis,
861 2114 922 2180 sed
935 2114 1036 2201 Lepi-

58 2217 137 2282 dum
172 2218 284 2302 specie
318 2217 491 2283 amicitiae
525 2217 701 2304 deceptos,
733 2227 810 2303 post
839 2218 1036 2302 Antonium,

56 2319 243 2386 Tarentino
266 2320 537 2408 Brundisinoque
560 2320 695 2387 foedere
712 2331 743 2387 et
760 2322 887 2407 nuptiis
911 2323 1035 2388 sororis

59 2423 233 2506 inlectam,
256 2422 420 2489 subdolae
454 2423 642 2491 adfinitatis
676 2445 803 2510 poenas
837 2434 943 2490 morte
977 2447 1034 2490 ex·
1062 2440 1087 2480 20

59 2525 212 2592 solvisse.
236 2547 354 2613 pacem
378 2529 450 2592 sine
474 2527 575 2595 dubio
597 2536 674 2614 post
696 2527 792 2611 haec,
815 2550 931 2594 verum
962 2550 1035 2594 cru-

59 2638 189 2694 entam:
211 2629 389 2696 Lollianas
411 2631 649 2716 Varianasque
683 2630 809 2713 clades,
837 2631 1034 2697 interfectos

58 2731 184 2797 Romae
206 2732 388 2816 Varrones,
410 2733 588 2818 Egnatios,
612 2733 714 2798 Iulos.
754 2755 816 2798 nec
841 2732 1034 2801 domesticis

59 2835 316 2903 abstinebatur:
339 2834 489 2902 abducta
505 2836 632 2902 Neroni
647 2859 734 2901 uxor
757 2845 789 2901 et
813 2836 960 2903 consulti
974 2860 1035 2924 per

58 2936 241 3003 ludibrium
263 2939 451 3024 pontifices,
486 2962 530 3005 an
564 2947 727 3025 concepto
761 2939 905 3005 necdum
942 2940 1033 3006 edito
1061 2956 1086 2997 2⁵

58 3050 156 3126 partu
190 3043 254 3106 rite
285 3040 442 3126 nuberet3
478 3041 517 3124 Q.
548 3040 644 3108 Pedii
668 3051 702 3107 et
731 3042 834 3107 Vedii
871 3042 1033 3110 Pollionis

59 3142 175 3226 luxus,
207 3152 378 3229 postremo
410 3145 513 3210 Livia
549 3146 665 3229 gravis
700 3147 735 3211 in
770 3145 1033 3232 rempublicam

58 3257 174 3329 mater,
198 3249 314 3331 gravis
339 3247 451 3313 domui
467 3247 652 3315 Caesarum
667 3270 824 3315 noverca.
848 3247 933 3314 nihil
957 3249 1033 3314 deo·

60 3373 130 3416 rum
152 3348 336 3416 honoribus
360 3350 528 3437 relictum,
550 3374 626 3417 oum
650 3376 686 3417 se
710 3352 845 3439 templis
862 3364 896 3418 et
918 3351 1033 3436 effigie

60 3454 228 3518 numinum
260 3477 320 3540 per
341 3454 493 3520 flamines
528 3465 562 3521 et
585 3456 781 3523 sacerdotes
815 3456 881 3522 coli
914 3454 1027 3520 vellet.
1056 3472 1082 3511 ³0

60 3580 98 3622 ne
115 3556 287 3622 Tiberium
310 3557 445 3644 quidem
460 3561 605 3626 caritate
621 3568 680 3624 aut
703 3559 926 3646 reipublicae
950 3579 1032 3624 cura
