2530 4084
255 325 302 381 ΑΒ
321 331 484 384 EXCESSU
502 329 661 384 AUGUSTI
680 332 729 382 ΙΙΙ.
749 333 859 384 33-35.
983 329 1044 397 133

61 523 198 586 tatibus
222 545 364 587 uxorum
388 524 544 588 maritos:
566 544 645 586 num
669 544 748 606 ergo
773 525 879 588 omnis
896 523 1043 588 caelibes

60 625 244 708 integros?
277 624 446 711 placuisse
486 626 655 712 quondam
690 625 816 712 Oppias
851 625 961 709 leges,
996 628 1044 690 sic

61 727 273 814 temporibus
302 731 350 794 rei
379 727 535 815 publicae
557 728 825 817 postulantibus:
869 731 1044 794 remissum
1071 746 1097 784 20

61 829 198 915 aliquid
220 839 338 917 postea
362 841 396 896 et
419 834 621 916 mitigatum,
645 833 723 920 quia
747 831 944 917 expedierit.
979 834 1045 898 fru-

63 943 139 998 stra
156 943 308 999 nostram
323 937 496 1018 ignaviam
519 936 587 1001 alia
611 935 655 1000 ad
670 933 836 1000 voeabula
852 937 1045 1002 transferri:

62 1061 148 1102 nam
164 1040 229 1103 viri
252 1040 285 1104 in
311 1060 348 1103 eo
373 1039 517 1126 culpam,
542 1042 571 1104 si
585 1039 710 1104 femina
733 1039 867 1105 modum
891 1040 1045 1106 excedat.

63 1164 168 1227 porro
198 1143 240 1207 ob
274 1146 372 1208 unius
407 1156 466 1210 aut
500 1145 640 1210 alterius
675 1144 870 1211 inbecillum
898 1147 1046 1210 animum

64 1245 157 1310 male
191 1248 275 1332 eripi
307 1250 439 1314 maritis
473 1252 643 1315 consortia
677 1273 788 1315 rerum
823 1249 1046 1314 secundarum
1073 1264 1098 1304 2⁵

67 1349 367 1436 adversarumque.
414 1352 511 1416 simul
546 1376 663 1418 sexum
702 1362 825 1418 natura
858 1352 1046 1417 invalidum

66 1451 179 1517 deseri
202 1463 235 1518 et
252 1457 374 1540 exponi
398 1478 456 1520 suo
479 1456 571 1538 luxu,
596 1456 808 1541 cupidinibus
833 1455 963 1520 alienis.
987 1457 1047 1520 vix

64 1559 240 1640 praesenti
269 1557 424 1622 custodia
447 1581 582 1624 manere
607 1559 736 1624 inlaesa
760 1561 936 1642 coniugia:
966 1559 1047 1644 quid

64 1660 155 1742 fore,
186 1663 216 1725 si
249 1684 309 1747 per
336 1662 449 1748 plures
480 1685 586 1730 annos
610 1665 645 1728 in
667 1663 803 1728 modum
822 1663 966 1736 ,discidii
990 1662 1046 1728 ob·

64 1761 285 1828 litterentur?
309 1766 357 1830 sic
375 1765 508 1831 obviam
532 1769 618 1832 irent
642 1769 694 1849 iit,
718 1789 803 1853 quae
821 1765 904 1832 alibi
926 1789 1045 1852 pecca·
1073 1783 1098 1821 ³⁰

64 1876 200 1949 rentur,
223 1876 259 1931 ut
282 1867 486 1952 flagitiorum
509 1871 602 1935 urbis
626 1872 866 1936 meminissent.
913 1869 1046 1935 addidit

66 1991 180 2054 pauca
225 1969 356 2036 Drusus
387 1972 428 2036 de
450 1975 663 2038 matrimonio
689 1996 764 2057 su03
787 1997 867 2039 nam
888 1975 1046 2060 principi-

66 2073 129 2136 bus
155 2073 312 2138 adeunda
337 2077 470 2160 saepius
493 2074 677 2163 longinqua
707 2078 847 2162 imperii.
893 2077 1046 2163 quotiens

68 2174 186 2239 divum
208 2176 399 2260 Augustum
428 2179 461 2242 in
492 2178 714 2245 Occidentem
742 2191 843 2266 atque
875 2178 1047 2245 Orientem

64 2281 234 2344 meavisse
266 2284 387 2346 comite
420 2280 537 2347 Livia!
572 2306 607 2348 se
642 2305 771 2370 quoque
805 2287 840 2349 in
873 2283 1046 2370 Illyricum
1073 2298 1098 2338 ⁸⁵

67 2383 256 2466 profectum
281 2394 324 2467 et,
349 2387 377 2448 si
399 2386 449 2450 ita
466 2385 646 2470 conducat,
670 2387 756 2452 alias
781 2387 826 2452 ad
842 2398 959 2471 gentes
983 2389 1045 2452 itu-

66 2507 157 2569 rum,
182 2485 274 2551 haud
297 2510 426 2574 semper
449 2513 555 2575 aequo
579 2493 706 2575 animo,
744 2493 772 2556 si
795 2490 838 2556 ab
861 2513 967 2556 uxore
990 2513 1045 2555 ca-

66 2591 202 2655 rissima
237 2603 270 2657 et
298 2601 348 2656 tot
378 2597 601 2659 communium
631 2594 812 2659 liberorum
834 2605 974 2679 parente
997 2595 1045 2658 di·

66 2691 258 2758 velleretur.
282 2697 331 2758 sic
354 2694 523 2761 Caecinae
547 2701 715 2762 sententia
740 2698 834 2763 elusa
858 2708 918 2763 est.

173 2796 225 2861 35.
241 2799 398 2864 Proximo
423 2809 560 2866 senatus
577 2801 631 2866 die
647 2801 801 2867 Tiberius
818 2823 877 2887 per
899 2800 1046 2883 litteras,

68 2903 249 2985 castigatis
279 2901 413 2990 oblique
443 2904 596 2990 patribus
620 2904 710 2990 quod
739 2915 863 2970 cuncta
892 2926 1047 2969 curarum

69 3005 112 3069 ad
141 3007 328 3092 principem
355 3010 539 3092 reicerent,
572 3007 628 3074 Μ’.
659 3009 826 3096 Lepidum
860 3018 893 3073 et
915 3008 1047 3072 Iunium

68 3110 227 3176 Blaesum
254 3113 458 3194 nominavit,
487 3135 531 3176 ex
560 3114 633 3197 quis
664 3133 723 3198 pro
747 3111 886 3176 consule
909 3111 1047 3175 Africae

68 3214 247 3299 legeretur.
292 3223 363 3279 tum
393 3214 510 3280 audita
535 3214 707 3280 amborum
729 3214 851 3296 verba,
885 3214 1046 3279 intentius
1074 3229 1086 3268 ⁵

68 3326 253 3384 excusante
288 3340 324 3382 se
345 3317 491 3404 Lepido,
527 3340 603 3383 eum
624 3316 854 3382 valetudinem
888 3317 1046 3402 corporis,

68 3431 217 3487 aetatem
239 3420 391 3504 liberum,
415 3421 566 3486 nubilem
586 3420 692 3486 filiam
716 3418 925 3502 obtenderet,
949 3417 1046 3482 intel·

67 3524 300 3610 legereturque
324 3526 427 3590 etiam
456 3525 544 3611 quod
579 3522 719 3607 silebat,
749 3522 952 3588 avunculum
973 3543 1047 3587 esse

71 3627 185 3696 Seiani
208 3628 366 3694 Blaesum
395 3637 497 3715 atque
524 3650 562 3694 eo
585 3624 828 3715 praevalidum.
874 3625 1047 3712 respondit
