2530 4084
274 260 320 310 AB
340 259 502 311 EXCESSU
521 258 679 310 AUGUSTI
698 260 745 311 ΙΙΙ.
766 259 876 312 351-39.
1000 257 1061 322 135

70 448 317 536 voluptatibus
330 459 493 515 avocatus
505 457 670 514 maestam
681 447 898 532 vigilantiam
911 457 943 512 et
955 448 1062 514 malas
1090 462 1115 501 10

74 575 188 619 curas
212 561 397 618 exerceret.

190 657 340 722 sarton
364 658 451 722 enim
463 656 630 740 Tiberius,
653 679 720 722 non
744 666 961 722 accusatores
985 656 1063 723 fati·

79 761 238 826 scebant.
291 771 324 826 et
352 759 541 827 Ancharius
564 761 701 825 Priscus
732 758 888 826 Caesium
916 759 1063 826 Cordum

77 888 142 952 pro
165 864 302 930 consule
319 863 441 930 Cretae
454 864 687 952 postulaverat
711 864 752 929 de
775 866 979 951 repetundis,
1003 863 1063 929 ad·

80 971 156 1035 dito
174 970 365 1034 maiestatis
382 970 532 1047 crimine,
556 967 646 1054 quod
670 979 739 1034 tum
755 970 900 1034 omnium
924 990 1062 1033 accusa·

80 1074 216 1138 tionum
238 1072 516 1159 complementum
539 1080 621 1137 erat.
646 1070 774 1138 Caesar
794 1071 980 1137 Antistium
994 1072 1060 1136 Ve-
1088 1090 1101 1130 s

82 1187 192 1242 terem
216 1200 233 1240 e
260 1176 462 1264 primoribus
484 1175 723 1260 Macedoniae,
754 1175 945 1241 absolutum
968 1174 1063 1239 adul·

83 1283 179 1364 terii,
210 1282 384 1368 increpitis
408 1279 576 1345 iudicibus
600 1279 646 1344 ad
670 1279 848 1344 dicendam
870 1279 1062 1344 maiestatis

84 1405 225 1450 causam
259 1386 421 1468 retraxit,
455 1393 492 1449 ut
525 1382 698 1449 turbidum
736 1393 768 1448 et
802 1381 1063 1468 Rhescuporidis

84 1487 238 1553 consiliis
260 1491 479 1575 permixtum,
509 1507 575 1572 qua
597 1494 800 1572 tempestate
824 1484 931 1572 Cotye
960 1488 1062 1551 inter·

85 1591 175 1656 fecto
206 1589 332 1657 bellum
359 1591 523 1657 adversus
550 1614 612 1657 nos
636 1589 801 1656 volverat.
846 1591 951 1674 igitur
974 1611 1062 1676 aqua
1089 1607 1114 1647 ro

86 1705 118 1758 et
134 1693 209 1778 igni
223 1694 442 1759 interdictum
463 1718 531 1778 reo,
556 1695 813 1781 adpositumque
835 1703 873 1758 ut
889 1702 1061 1758 teneretur

85 1796 198 1862 insula
220 1819 328 1883 neque
350 1797 572 1863 Macedoniae
600 1820 706 1885 neque
729 1797 917 1862 Thraeciae
946 1819 1063 1884 oppor-

86 1910 180 1964 tuna.
225 1923 304 1966 nam
332 1900 499 1966 Thraecia
529 1901 638 1966 diviso
671 1903 809 1987 imperio
839 1902 874 1966 in
902 1900 1063 1966 Rhoeme-

86 2003 202 2070 talcen
233 2014 266 2070 et
288 2003 413 2071 liberos
438 2003 571 2090 Cotyis,
600 2006 674 2092 quis
704 2005 746 2070 ob
770 2004 950 2070 infantiam
972 2014 1064 2070 tutor

88 2118 161 2174 erat
183 2107 403 2174 Trebellenus
427 2109 549 2192 Rufus,
584 2108 766 2173 insolentia
794 2110 901 2173 nostri
932 2109 1062 2173 discors
1091 2125 1116 2167 1⁵

90 2211 217 2296 agebat
248 2235 355 2300 neque
383 2215 492 2278 minus
516 2211 778 2278 Rhoemetalcen
806 2233 905 2298 quam
927 2211 1063 2278 Trebel-

88 2315 198 2382 lenum
220 2317 379 2382 incusans
395 2315 605 2402 popularium
628 2317 769 2381 iniurias
792 2315 919 2381 inultas
944 2319 1063 2381 sinere.

89 2418 280 2485 Coelaletae
303 2418 522 2506 Odrusaeque
556 2428 588 2485 et
619 2418 693 2500 Dii,
726 2418 864 2484 validae
897 2421 1063 2502 nationes,

89 2545 180 2588 arma
203 2545 340 2609 cepere,
376 2522 514 2588 ducibus
539 2522 682 2587 diversis
707 2531 738 2587 et
754 2523 892 2608 paribus
916 2525 1004 2588 inter
1028 2543 1064 2586 se

89 2649 147 2713 per
169 2626 434 2710 ignobilitatem,
468 2649 554 2714 quae
577 2647 680 2690 causa
702 2625 785 2710 fuit,
808 2649 850 2691 ne
881 2628 916 2691 in
938 2624 1064 2690 bellum
1091 2644 1116 2684 ao

91 2741 187 2796 atrox
215 2730 452 2797 coalescerent.
476 2752 555 2817 pars
588 2729 728 2794 turbant
761 2726 970 2817 praesentia,
1004 2729 1064 2795 alii

90 2844 231 2899 montem
265 2833 430 2899 Haemum
452 2833 758 2918 transgrediuntur,
781 2843 818 2900 ut
840 2843 984 2900 remotos
1006 2855 1064 2920 po-

91 2936 181 3023 pulos
220 2939 410 3021 concirent3
450 2936 584 3024 plurimi
624 2959 664 3003 ac
704 2939 850 3003 maxime
890 2938 1066 3024 compositi

92 3061 200 3125 regem
222 3040 401 3128 urbemque
429 3040 697 3127 Philippopolim,
727 3065 747 3106 a
776 3041 962 3106 Macedone
989 3039 1065 3104 Phi-

92 3142 177 3230 lippo
200 3144 310 3228 sitam,
334 3143 587 3209 circumsidunt.
1092 3162 1117 3204 2⁵

188 3244 240 3310 39.
264 3247 359 3329 Quae
392 3247 451 3313 ubi
479 3249 617 3332 cognita
645 3247 681 3312 P.
705 3247 845 3313 Vellaeo
880 3249 922 3329 (is
951 3249 1064 3332 proxi-

94 3373 177 3415 mum
205 3353 391 3417 exercitum
422 3349 664 3438 praesidebat),
700 3349 825 3417 alarios
860 3351 988 3436 equites
1024 3372 1064 3416 ac

97 3454 173 3518 levis
196 3452 382 3519 cohortium
396 3455 502 3520 mittit
524 3455 559 3519 in
583 3475 651 3537 eos,
675 3455 733 3539 qui
754 3453 990 3540 praedabundi
1006 3464 1065 3519 aut

99 3555 305 3622 adsumendis
335 3557 472 3623 auxiliis
496 3555 730 3641 vagabantur,
754 3559 826 3643 ipse
850 3556 952 3623 robur
973 3556 1066 3643 pedi-
