2500 4084
265 329 309 379 ΑΒ
329 327 493 379 EXCESSU
510 327 671 380 AUGUSTI
689 329 721 378 V.
739 329 815 380 2-5.
965 329 1029 393 213

153 517 184 582 4.
206 518 288 583 Fuit
311 519 346 583 in
371 526 491 583 senatu
513 517 629 582 Iunius
645 517 815 602 Rusticus,
839 539 1029 606 conponen-

50 622 102 687 dis
126 631 262 709 patrum
285 623 371 689 actis
396 621 548 687 delectus
572 644 593 685 a
616 618 774 705 Caesare,
798 643 903 709 eoque
925 622 1029 688 medi-

50 728 199 792 tationes
222 727 294 791 eius
326 727 546 812 introspicere
576 725 738 791 creditus.
771 726 799 790 is
823 725 921 792 fatali
950 749 1029 813 quo·

51 829 128 895 dam
152 840 245 895 motu
269 837 389 916 (neque
414 831 502 896 enim
525 839 604 896 ante
628 830 797 915 specimen
813 832 1030 895 constantiae

50 933 206 1010 dederat)
243 956 302 1000 seu
328 929 453 1020 prava⁸
471 931 639 1016 sollertia,
674 931 753 998 dum
787 934 1030 999 imminentium
1056 950 1069 989 ὁ

48 1035 175 1103 oblitus
201 1039 332 1104 incerta
354 1046 467 1124 pavet,
491 1039 638 1103 inserere
668 1060 704 1102 se
729 1034 964 1102 dubitantibus
989 1059 1030 1101 ae

46 1163 185 1207 monere
209 1141 375 1225 consules,
399 1165 442 1207 ne
465 1141 665 1207 relationem
688 1142 892 1229 inciperent3
923 1141 1028 1206 disse-

46 1244 212 1331 rebatque
241 1244 402 1311 brevibus
432 1247 608 1311 momentis
640 1267 768 1311 summa
791 1246 895 1310 verti:
932 1265 1031 1330 possc

47 1347 251 1434 quandoque
276 1348 393 1414 domus
418 1346 611 1414 Germanici
636 1350 778 1413 exitium
800 1348 1029 1433 paenitentiae

47 1475 123 1517 esse
158 1453 242 1517 seni.
287 1451 384 1518 simul
418 1452 559 1537 populus
590 1452 718 1536 effigies
746 1451 955 1538 Agrippinae
985 1473 1026 1515 ac
1055 1468 1080 1508 1⁰

46 1556 192 1622 Neronis
238 1575 357 1639 gerens
403 1557 622 1622 circumsistit
672 1556 800 1621 curiam
843 1554 1031 1638 faustisque

46 1661 83 1725 in
112 1657 296 1725 Caesarem
326 1659 491 1725 ominibus
520 1659 624 1726 falsas
654 1658 788 1724 litteras
818 1668 852 1723 et
879 1657 1031 1742 principe

47 1765 157 1829 invito
187 1764 328 1829 exitium
364 1764 476 1829 domui
505 1766 576 1828 eius
607 1762 738 1828 intendi
768 1760 933 1828 clamitat.
980 1763 1029 1827 ita

46 1865 134 1932 nihil
158 1867 257 1931 triste
280 1866 337 1931 illo
363 1867 417 1932 die
431 1875 612 1954 patratum.
636 1866 831 1932 ferebantur
847 1868 950 1932 etiam
967 1865 1029 1931 sub

46 1969 240 2037 nominibus
264 1971 491 2037 consularium
521 1971 622 2036 fictae
650 1970 686 2034 in
710 1969 868 2036 Seianum
897 1980 1030 2036 senten·
1058 1983 1083 2022 1⁵

49 2078 130 2156 tiae,
155 2073 392 2139 exercentibus
407 2072 576 2159 plerisque
597 2096 658 2159 per
681 2072 848 2139 occultum
872 2081 973 2159 atque
991 2095 1029 2137 eo

48 2179 230 2267 procacius
253 2176 431 2243 libidinem
454 2178 675 2261 ingeniorum.
698 2177 789 2242 unde
811 2176 862 2243 illi
886 2177 937 2240 ira
960 2178 1030 2240 vio·

48 2284 176 2348 lentior
199 2289 231 2345 et
260 2282 418 2346 materies
450 2280 669 2346 criminandi:
705 2290 853 2365 spretum
883 2280 1032 2346 dolorem

47 2386 212 2471 principis
241 2383 285 2449 ab
316 2393 453 2467 senatu,
489 2383 673 2450 descivisse
707 2382 883 2469 populum:
920 2384 1030 2450 audiri

47 2491 117 2555 iam
151 2497 184 2553 et
219 2486 287 2571 legi
315 2509 421 2552 novas
451 2489 643 2569 contiones,
671 2507 760 2551 nova
787 2496 921 2571 patrum
950 2509 1028 2552 con·
1056 2503 1082 2542 2⁰

49 2590 158 2658 sulta:
188 2589 270 2677 quid
296 2589 461 2677 reliquum
488 2591 554 2654 nisi
582 2600 620 2654 ut
648 2600 809 2675 caperent
836 2588 961 2657 ferrum
985 2601 1029 2674 ct,

48 2715 190 2782 quorum
213 2694 378 2777 imagines
400 2714 461 2778 pro
484 2692 620 2758 vexillis
646 2693 752 2757 secuti
775 2692 901 2775 forent,
927 2693 1028 2759 duces

49 2800 335 2884 imperatoresque
360 2795 572 2880 deligerent?

122 2933 126 2950 ·
151 2901 184 2964 5.
206 2899 317 2984 Igitur
339 2898 470 2964 Caesar
492 2901 644 2986 repetitis
669 2898 849 2964 adversum
874 2910 1029 2984 nepotem

51 3015 84 3068 ct
107 3026 229 3069 nurum
250 3002 383 3090 probris
408 3005 638 3091 increpitaque
662 3026 721 3089 per
744 3002 893 3069 edictum
920 3002 1030 3089 plebe,

49 3117 187 3194 questus
217 3106 307 3193 apud
335 3118 449 3192 patres
479 3106 568 3192 quod
595 3107 714 3172 fraudo
737 3107 834 3171 nnius
865 3110 1031 3172 senatoris

51 3213 269 3298 imperatoria
292 3211 453 3275 maiestas
484 3209 578 3274 elusa
607 3208 742 3296 publice
765 3210 868 3292 foret,
897 3211 1031 3295 integra

49 3324 162 3380 tamen
185 3313 251 3379 sibi
274 3322 397 3379 cuncta
419 3311 616 3398 postulavit.
661 3335 724 3379 nec
747 3312 837 3379 ultra
863 3311 1029 3379 delibera·
1057 3329 1070 3369 ⁵

50 3427 135 3500 tum,
164 3439 229 3504 quo
251 3418 361 3482 minus
384 3437 451 3482 non
474 3416 609 3502 quidem
632 3427 783 3482 extrema
807 3415 1028 3482 decernerent

50 3521 97 3600 (id
131 3523 221 3586 enim
254 3519 426 3603 vetitum),
463 3519 522 3584 sed
554 3531 692 3606 paratos
728 3521 772 3586 ad
806 3519 969 3586 ultionem
991 3521 1026 3584 vi

49 3625 208 3711 principis
233 3623 388 3711 impediri
412 3632 628 3688 testarentur.
