2534 4084
310 287 358 339 An
376 287 540 340 axonssu
557 287 717 341 suousm
734 288 756 338 r.
774 288 885 338 sr-n.
1035 286 1076 350 29

87 491 160 564 tur,
194 483 405 568 attonitaque
432 483 540 565 magis
570 503 669 567 quam
698 482 811 567 quieta
843 480 1001 545 contione
1029 477 1075 543 le-

87 593 200 668 gatos
221 584 390 670 praesidio
414 582 630 649 auxiliarium
653 585 800 670 equitum
823 583 973 648 dimittit.

202 685 255 752 40.
278 687 328 753 Eo
352 689 386 753 in
408 698 499 753 metu
521 709 662 772 arguere
686 685 924 753 Germanicum
952 706 1076 767 omnes,

90 790 192 876 quod
213 813 281 855 non
304 789 349 855 ad
372 793 576 876 superiorem
604 792 790 856 exercitum
817 798 989 877 pergeret,
1017 786 1076 852 ubi

91 893 263 980 obsequia
287 904 320 959 et
343 905 462 960 contra
485 893 620 959 rebellis
644 893 826 960 auxilium:
855 895 939 958 satis
964 912 1076 976 super-

92 1020 163 1083 que
187 998 346 1062 missione
370 1007 404 1062 et
425 999 569 1083 pecunia
593 1009 626 1062 et
642 997 798 1062 mollibus
821 995 983 1061 consultis
999 1015 1076 1080 pec-

91 1109 223 1165 catum.
246 1099 301 1164 vel
325 1101 354 1165 si
375 1099 453 1165 vilis
470 1102 535 1186 ipsi
558 1099 660 1184 salus,
683 1123 744 1166 our
765 1100 870 1166 filium
890 1097 1075 1185 parvulum,
1103 1121 1115 1162 o

94 1224 160 1268 eur
190 1202 368 1286 gravidam
399 1204 576 1287 coniugem
606 1205 694 1268 inter
728 1203 875 1269 furentes
908 1212 941 1268 et
970 1202 1077 1266 omnis

93 1307 240 1371 humani
262 1306 343 1371 iuris
366 1305 549 1372 violatores
577 1305 740 1371 haberet?
769 1304 844 1371 illos
869 1304 989 1371 saltem
1012 1325 1076 1368 avc

95 1421 132 1475 et
155 1411 207 1474 rei
229 1408 386 1495 publicae
408 1408 575 1475 redderet.
600 1409 659 1475 diu
681 1420 862 1475 cunctatus
892 1429 1076 1493 aspernan-

96 1523 168 1579 tem
198 1535 352 1596 uxorem,
382 1534 458 1579 cum
481 1535 517 1578 se
548 1511 625 1577 divo
648 1512 802 1597 Augusto
833 1523 941 1578 ortam
968 1533 1077 1598 neque

98 1616 303 1700 degenerem
318 1615 363 1680 ad
378 1615 530 1701 pericula
547 1626 739 1700 testaretur,
762 1627 929 1703 postremo
946 1627 1077 1681 uterum
1104 1641 1129 1679 ro

99 1723 175 1786 eius
204 1731 238 1786 et
265 1741 472 1785 communem
500 1720 606 1786 filium
632 1720 735 1786 multo
770 1743 847 1786 cum
878 1720 959 1786 fletu
989 1741 1076 1784 com-

97 1823 239 1910 plexus,
267 1834 304 1889 ut
327 1823 437 1890 abiret
465 1823 621 1910 perpulit.
650 1823 831 1890 incedebat
859 1821 1021 1889 muliebre
1045 1831 1078 1886 et

99 1926 295 1993 miserabile
318 1948 454 2012 agmen,
482 1928 625 2014 profuga
649 1927 744 1993 ducis
773 1950 873 2011 uxor,
902 1925 1078 2013 parvulum

100 2032 179 2095 sinu
200 2029 305 2096 filium
327 2052 464 2115 gerens,
487 2031 713 2098 lamentantes
741 2034 868 2097 circum
896 2032 1078 2096 amicorum

100 2134 281 2217 coniuges,
304 2156 390 2220 quae
414 2133 510 2199 simul
534 2133 772 2218 trahebantur,
800 2155 863 2198 nec
886 2135 996 2198 minus
1020 2135 1078 2198 tri·
1105 2157 1131 2197 15

102 2247 172 2302 stes
196 2239 252 2322 qui
274 2236 468 2303 manebant.
548 2233 551 2237 ’

204 2338 256 2403 41.
283 2340 358 2405 Non
383 2340 534 2407 florentis
555 2339 713 2406 Caesaris
741 2363 849 2428 neque
868 2342 935 2405 suis
965 2341 999 2404 in
1023 2360 1078 2405 ca·

104 2444 193 2526 stris,
218 2442 277 2508 sed
291 2442 384 2508 velut
407 2445 440 2509 in
463 2444 547 2509 urbe
562 2446 655 2509 victa
671 2445 779 2509 facies
804 2446 1013 2530 gemitusque
1036 2464 1076 2507 ao

102 2546 259 2632 planctus
295 2548 397 2612 etiam
423 2546 567 2613 militum
596 2571 693 2614 aures
724 2570 848 2635 oraque
884 2547 1078 2613 advertere:

102 2648 361 2735 progrediuntur
377 2649 615 2716 contuberniis.
640 2654 713 2739 quis
737 2651 794 2717 ille
816 2649 937 2716 flebilis
956 2650 1080 2715 sonus?

105 2752 193 2839 quod
216 2764 285 2819 tarn
309 2754 428 2820 triste?
450 2755 593 2821 feminas
616 2755 792 2839 inlustres,
814 2777 882 2820 non
911 2756 1078 2819 centurio·
1105 2764 1118 2804 ⁵

104 2878 178 2920 nem
202 2855 246 2920 ad
269 2856 426 2941 tutelam,
454 2879 521 2922 non
543 2857 700 2942 militem,
728 2858 812 2924 nihil
844 2858 1079 2943 imperatoriae

105 2961 218 3025 uxoris
243 2971 302 3026 aut
331 2963 511 3027 comitatus
541 2961 648 3027 soliti:
677 2982 818 3048 pergere
846 2961 893 3026 ad
914 2960 1079 3025 Treveros

107 3075 139 3129 et
161 3073 337 3129 externam
359 3063 469 3130 fidem.
492 3065 600 3152 pudor
623 3066 702 3132 inde
726 3078 760 3133 et
774 3068 946 3132 miseratio
972 3073 1005 3129 et
1020 3083 1079 3148 pa-

106 3167 165 3231 tris
180 3165 363 3253 Agrippae,
385 3165 532 3253 Augusti
554 3171 611 3234 avi
632 3172 803 3254 memoria,
827 3191 923 3235 socer
938 3167 1080 3248 Drusus,

108 3271 179 3355 ipsa
202 3271 329 3355 insigni
351 3271 571 3356 fecunditate,
593 3272 772 3359 praeclara
800 3272 983 3359 pudicitia,
1012 3270 1079 3334 iam
1107 3283 1132 3321 1⁰

107 3372 215 3436 infans
240 3374 419 3438 incastris
443 3378 586 3459 genitus,
611 3378 645 3440 in
668 3376 887 3442 contubernio
911 3373 1080 3457 legionum

108 3476 260 3558 eductus,
284 3499 381 3562 quem
402 3477 541 3543 militari
564 3479 729 3544 vocabulo
753 3478 944 3563 Caligulam
967 3474 1080 3561 appel·

107 3577 234 3661 labant,
258 3580 337 3666 quia
359 3577 553 3667 plerumque
582 3581 628 3646 ad
650 3581 865 3647 concilianda
888 3579 983 3664 vulgi
1013 3589 1080 3644 stu·
