2500 4084
210 325 277 393 234
537 329 712 381 uonnnnn
730 327 851 380 rsomr

313 515 470 584 Ceterum
491 516 700 605 Agrippinae
722 518 899 606 pernicies,
923 516 1013 606 quod
1033 518 1097 584 'vix
1120 537 1190 584 cre·

211 621 325 704 dibile,
359 621 559 690 Plancinam
592 624 710 688 traxit.
734 632 842 709 nupta
876 621 956 688 olim
978 617 1039 686 On.
1070 622 1191 716 'Pisoni

159 741 183 782 ¹⁵
210 735 243 790 et
264 725 378 812 palam
401 726 492 792 laeta
515 734 622 792 morte
647 723 858 810 Germanici,
889 748 965 792 cum
987 726 1066 790 Piso
1092 725 1192 790 cade·

209 837 271 912 ret,
294 829 452 914 precibus
469 829 645 914 Augustae
660 851 724 896 neo
739 832 848 896 minus
865 830 1052 895 inimicitiis
1068 829 1192 914 Agrip-

209 933 311 1018 pinae
335 931 473 998 defensa
504 941 588 999 erat.
633 941 671 998 ut
699 933 813 1000 odium
843 943 876 999 et
906 934 1019 1018 gratia
1050 932 1191 1014 desiere,

210 1035 261 1100 ius
285 1034 407 1119 valuit3
440 1037 615 1122 petitaque
636 1036 834 1102 criminibus
863 1036 956 1103 haud
977 1038 1107 1121 ignotis
1132 1057 1191 1102 sua
1233 1053 1234 1058 ’

209 1159 311 1204 manu
341 1160 416 1204 sera
446 1141 556 1223 magis
590 1161 690 1224 quam
727 1141 887 1206 inmerita
915 1139 1083 1226 supplicia
1118 1162 1190 1226 per·

157 1239 320 1306 resolvit.

312 1343 363 1410 27.
387 1346 452 1411 Tot
482 1345 628 1413 luctibus
658 1346 792 1414 funesta
822 1348 963 1415 civitate
989 1370 1071 1434 pars
1101 1371 1189 1414 mae-

209 1449 294 1514 roris
317 1450 392 1533 fuit,
415 1450 504 1536 quod
519 1450 606 1516 Iulia
629 1450 733 1517 Drusi
756 1451 837 1535 filia,
862 1450 1030 1537 quondam
1046 1452 1188 1518 Neronis

209 1573 309 1634 uxor,
345 1552 502 1639 denupsit
531 1555 566 1619 in
591 1554 724 1620 domum
746 1553 893 1620 Rubellii
916 1553 1060 1639 Blandi,
1094 1557 1188 1620 cuius

210 1677 310 1721 arum
332 1655 508 1723 Tiburtem
531 1660 677 1744 equitem
692 1659 880 1724 Romanum
901 1658 1052 1745 plerique
1075 1663 1187 1726 memi-

171 1777 183 1819 a
210 1769 341 1826 nerant.
388 1770 537 1829 extremo
568 1765 649 1828 anni
677 1785 767 1828 mors
790 1761 881 1828 Aelii
902 1762 1045 1830 Lamiae
1073 1763 1189 1830 funere

209 1865 360 1929 censorio
384 1863 570 1949 celebrata,
593 1867 650 1952 qui
666 1866 957 1933 administrandae
973 1865 1093 1933 Suriae
1110 1869 1189 1933 ima·

210 1968 287 2052 gine
311 1966 447 2034 tandem
472 1969 645 2035 exsolutus
669 1970 744 2036 urbi
768 1970 972 2057 praefuerat.
1007 1991 1115 2056 genus
1141 1971 1189 2036 illi

211 2071 383 2153 decorum,
412 2072 528 2138 vivida
560 2083 732 2157 senectus3
768 2083 800 2140 et
830 2096 898 2140 non
926 2075 1092 2161 permissa
1116 2097 1188 2161 pro·

209 2176 322 2240 vincia
349 2176 580 2259 dignationem
603 2175 795 2243 addiderat.
834 2179 924 2244 exim
945 2177 1072 2243 Flacco
1095 2178 1189 2243 Pom-

158 2280 311 2365 reponio
353 2277 472 2344 Suriae
514 2302 574 2366 pro
611 2290 767 2366 praetore
805 2281 964 2348 defuncto
1002 2283 1190 2348 recitantur

210 2378 368 2447 Caesaris
391 2381 545 2467 litterae,
575 2385 648 2470 quis
672 2384 853 2450 incusabat
882 2386 1055 2469 egregium
1079 2407 1188 2472 quern·

211 2505 275 2570 que
304 2493 337 2550 et
365 2484 524 2570 regendis
556 2487 763 2553 exercitibus
795 2487 953 2553 idoneum
981 2487 1132 2555 abnuere
1155 2489 1187 2555 id

210 2608 339 2671 munus,
364 2609 465 2674 seque
489 2611 529 2654 ea
545 2590 795 2656 necessitudine
819 2591 864 2656 ad
878 2612 996 2678 preces
1020 2595 1110 2677 cogi,
1133 2615 1189 2681 per

210 2712 293 2779 quas
317 2691 546 2759 consularium
569 2693 673 2781 aliqui
696 2716 877 2781 capessere
899 2697 1094 2781 provincias
1118 2697 1186 2762 adi·

159 2813 184 2854 rs
211 2803 379 2878 gerentur,
404 2794 527 2861 oblitus
544 2795 752 2882 Arruntium,
774 2821 817 2863 ne
841 2800 876 2864 in
892 2798 1097 2884 Hispaniam
1118 2822 1186 2886 per·

211 2908 316 2982 geret,
342 2897 517 2965 decumum
539 2899 609 2966 iam
631 2922 756 2967 annum
779 2901 930 2968 attineri.
965 2902 1049 2968 obiit
1073 2903 1187 2970 eodem

210 3023 299 3069 anno
324 3011 357 3066 et
379 2998 433 3066 Μ’.
456 3001 623 3089 Lepidus,
649 3005 690 3071 de
713 3007 809 3072 cuius
833 3005 1066 3073 moderatione
1089 3015 1186 3094 atque

211 3106 378 3191 sapientia
402 3107 436 3170 in
459 3107 626 3192 prioribus
650 3107 746 3175 libris
769 3112 854 3175 satis
871 3110 1060 3177 conlocavi.
1084 3133 1186 3197 neque

209 3208 371 3275 nobilitas
396 3209 521 3274 diutius
547 3210 811 3279 demonstranda
835 3223 903 3279 est:
934 3203 1056 3300 quippe
1080 3211 1185 3278 Aemi·

159 3333 183 3372 ao
211 3311 292 3376 lium
309 3333 414 3394 genus
431 3312 610 3382 fecundum
625 3315 787 3382 bonorum
803 3317 938 3400 civium,
955 3325 987 3380 et
1004 3317 1060 3402 qui
1073 3315 1185 3382 eadem

210 3412 338 3478 familia
362 3416 528 3499 corruptis
553 3415 718 3501 moribus,
751 3418 886 3484 inlustri
917 3427 1031 3484 tamen
1055 3419 1185 3485 fortuna

212 3535 320 3597 egere.
