2552 4084
782 175 794 208 0

206 313 248 379 50
535 309 708 362 conanum
727 307 850 360 recrrr

166 519 180 562 ὁ
206 514 352 590 angusta
375 504 478 590 puppi
499 523 666 589 proraque
690 511 723 566 ot
746 499 817 566 lato
832 510 939 583 utero,
963 521 1027 585 quo
1049 497 1195 564 facilius

204 609 325 675 fluctus
349 607 552 690 tolerarent3
574 603 742 693 quaedam
756 604 881 690 planae
896 605 1035 687 carinis,
1057 613 1094 667 ut
1114 603 1196 668 sine

205 736 295 778 noxa
320 711 486 794 siderent3
522 708 635 796 plures
667 707 832 794 adpositis
863 709 1031 794 utrimque
1064 706 1196 791 guber-

205 814 357 895 naculis,
396 836 558 880 converso
592 823 629 878 ut
663 822 802 899 repente
843 813 984 896 remigio
1018 811 1096 877 hine
1131 810 1195 876 vel

206 919 299 984 illinc
323 917 551 1004 adpellerent3
573 916 700 982 multae
722 916 882 1003 pontibus
907 923 1050 996 stratae,
1086 936 1196 1000 super

155 1039 180 1079 10
206 1043 289 1109 quas
323 1028 492 1087 tormenta
519 1019 732 1102 veherentur,
767 1017 865 1083 simul
900 1027 1002 1104 aptae
1035 1017 1192 1083 ferendis

207 1126 300 1210 equis
330 1135 389 1190 aut
417 1123 635 1206 commeatui3
668 1121 754 1188 velis
777 1121 925 1205 habiles,
960 1121 1050 1186 citae
1082 1121 1193 1186 remis
1269 1169 1270 1211 q

206 1228 420 1313 augebantur
443 1226 626 1292 alacritate
647 1225 792 1292 militum
822 1227 857 1291 in
881 1227 1028 1312 speciem
1051 1246 1091 1290 ac
1121 1233 1195 1290 ter-

206 1354 325 1398 rorem.
342 1330 453 1396 insula
468 1330 675 1395 Batavorum
690 1331 725 1394 in
741 1350 841 1415 quam
854 1330 1075 1394 convenirent
1089 1351 1195 1414 prae·

208 1435 310 1517 dicta,
334 1434 376 1500 ob
392 1432 511 1500 faciles
535 1432 697 1518 adpulsus
722 1432 998 1519 accipiendisque
1028 1434 1136 1519 copiis
1154 1443 1195 1498 et

156 1556 178 1594 1⁵
208 1535 505 1605 transmittendum
532 1536 577 1601 ad
602 1535 728 1601 bellum
751 1546 950 1622 opportuna.
988 1558 1067 1601 nam
1098 1535 1191 1602 Rhe·

205 1666 269 1708 nus
292 1664 358 1707 uno
382 1639 479 1706 alveo
503 1641 683 1704 continuus
707 1649 766 1704 aut
789 1638 942 1704 modicas
966 1636 1097 1704 insulas
1121 1639 1193 1703 cir·
1270 1641 1271 1724 l

207 1745 422 1812 cumveniens
446 1741 536 1828 apud
565 1742 767 1827 principium
790 1740 865 1825 agri
888 1741 1013 1806 Batavi
1035 1740 1130 1807 velut
1153 1742 1193 1806 in
1270 1727 1271 1738 ἵ

208 1852 291 1917 duos
315 1870 430 1914 amnes
455 1845 629 1929 dividitur,
654 1854 834 1930 servatque
856 1866 977 1910 nomen
1001 1855 1034 1910 et
1055 1845 1190 1911 violen-

207 1956 290 2021 tiam
313 1974 448 2034 cursus,
484 1972 549 2035 qua
574 1947 793 2015 Germaniam
814 1948 1042 2034 praevehitur,
1080 1949 1192 2015 donec

155 2072 179 2112 ²⁰
207 2057 345 2123 Oceano
373 2056 571 2120 misceatur:
612 2052 657 2117 ad
688 2049 858 2118 Gallicam
886 2055 995 2138 ripam
1023 2052 1127 2120 latior
1157 2063 1194 2120 et

205 2159 373 2247 placidior
396 2157 546 2222 adfluens
564 2158 675 2239 (verso
699 2167 923 2242 cognomento
939 2157 1107 2223 Vahalem
1131 2179 1190 2221 ac-

206 2263 302 2329 colae
326 2263 470 2343 dicunt),
505 2281 584 2325 mox
617 2260 654 2325 id
687 2280 819 2346 quoque
842 2261 1044 2327 vocabulum
1078 2270 1191 2326 mutat

205 2367 302 2431 Mosa
318 2366 452 2430 flumine
469 2365 605 2450 eiusque
629 2366 779 2429 inmenso
797 2386 855 2429 ore
871 2364 1013 2431 eundem
1029 2366 1063 2430 in
1080 2363 1191 2430 Ocea-

206 2492 286 2535 num
311 2468 503 2534 effunditur.

310 2573 338 2637 7.
359 2570 427 2636 Sed
449 2569 586 2654 Caesar,
612 2570 690 2636 dum
714 2571 898 2655 adiguntur
919 2594 1024 2636 naves
1036 2619 1045 2653 ,
1070 2569 1193 2637 Silium

206 2677 355 2761 legatum
367 2696 444 2741 cum
460 2674 619 2761 expedita
631 2697 733 2740 manu
749 2676 976 2760 inruptionem
993 2677 1027 2740 in
1043 2673 1189 2741 Chattos

205 2781 318 2845 facere
340 2778 450 2843 iubet:
474 2779 547 2864 ipse
570 2777 688 2842 audito
712 2777 889 2843 castellnm
905 2776 1037 2864 Lupiae
1058 2778 1189 2844 flumini

206 2882 399 2968 adpositum
421 2880 587 2964 obsideri,
612 2903 674 2945 sex
705 2879 858 2964 legiones
883 2902 922 2945 eo
946 2879 1054 2946 duxit.
1077 2903 1189 2968 neque

167 3011 180 3052 s
207 2984 290 3051 Silio
315 2985 357 3050 ob
382 2984 510 3050 subitos
534 2983 657 3048 imbres
682 2983 775 3049 aliud
798 2993 912 3049 actum
936 3005 1035 3070 quam
1058 2994 1096 3051 ut
1118 3007 1188 3050 mo·

208 3088 319 3153 dicam
340 3087 505 3174 praedam
528 3096 561 3152 et
584 3086 668 3174 Arpi
697 3077 860 3174 principis
884 3086 1084 3153 Chattorum
1109 3110 1188 3153 con·

208 3194 318 3277 iugem
351 3193 522 3278 filiamque
557 3201 708 3278 raperet,
742 3213 850 3278 neque
879 3189 1018 3257 Caesari
1054 3193 1188 3278 copiam

206 3316 341 3382 pugnae
364 3293 559 3360 obsessores
581 3295 702 3377 fecere,
726 3295 771 3361 ad
786 3295 912 3360 famam
928 3295 1097 3361 adventus
1115 3297 1188 3361 eius

209 3398 348 3484 dilapsi:
371 3396 536 3463 tumulum
551 3406 665 3462 tamen
687 3420 793 3484 nuper
808 3399 969 3464 Varianis
991 3398 1184 3484 legionibus

156 3529 181 3568 ιο
209 3511 374 3567 structum
402 3511 437 3566 et
464 3510 615 3567 veterem
643 3523 737 3566 aram
764 3500 878 3567 Druso
912 3503 1015 3569 sitam
1046 3502 1188 3569 disiecc

207 3613 294 3670 rant.
318 3604 466 3668 restituit
489 3623 583 3668 aram
598 3603 783 3688 honorique
796 3607 905 3690 patris
928 3607 1083 3690 princeps
1107 3607 1181 3690 ipse
