2500 4084
254 300 300 352 Aa
321 301 484 353 EXCESSU
502 297 660 351 AUGUSTI
679 297 725 352 IV.
744 300 856 352 tt-uu.
984 298 1048 364 205

59 515 147 578 gem
162 493 353 579 liberosque
370 480 441 558 eius
456 491 638 578 percolere,
656 499 805 556 sectator
820 489 919 574 domi,
935 512 1047 557 comes
1073 515 1085 552 r.

60 601 105 662 in
117 596 263 683 publico,
286 606 361 684 post
377 603 428 661 tot
451 592 593 661 clientes
617 617 701 660 unus
718 615 821 680 eoque
838 593 928 680 apud
942 594 1047 660 bonos

60 701 231 767 laudatus
255 711 289 766 et
311 700 427 785 gravis
443 700 576 786 iniquis.
601 699 687 764 hunc
709 697 869 764 Latinius
885 697 1048 779 Latiaris,

60 807 209 872 Porcius
235 803 335 886 Cato,
359 803 500 869 Petilius
523 802 645 886 Rufus,
667 801 712 866 M.
737 801 859 887 Opsius
890 811 1047 888 practura

61 911 177 974 functi
201 895 456 991 adgrediuntur,
480 905 637 992 cupidine
653 904 860 986 consulatus,
884 905 1047 990 adquam

61 1035 136 1078 non
160 1011 229 1076 nisi
250 1033 310 1096 per
326 1008 485 1075 Seianum
509 1009 638 1091 aditus3
661 1029 769 1094 neque
793 1007 907 1073 Seiani
930 1007 1046 1073 volun·
1077 1037 1100 1074 ro

60 1127 123 1182 tas
159 1115 227 1180 nisi
263 1114 391 1179 scelere
425 1111 659 1201 quaerebatur.
705 1113 927 1198 compositum
961 1113 1048 1179 inter

62 1223 171 1306 ipsos,
206 1226 244 1283 ut
266 1216 434 1300 Latiaris,
463 1218 522 1302 qui
544 1214 675 1281 modico
698 1237 761 1280 usu
786 1213 947 1280 Sabinum
969 1237 1046 1281 cou-

59 1321 241 1407 tingebat‚
266 1331 409 1388 strueret
435 1319 563 1404 dolum,
598 1321 701 1385 ceteri
737 1328 841 1385 testes
877 1318 1046 1402 adessent,

58 1424 189 1491 deinde
223 1426 475 1490 accusationem
508 1425 705 1510 inciperent.
751 1424 856 1508 igitur
889 1421 1041 1488 Latiaris

60 1533 180 1595 iacere
212 1528 366 1594 fortuitos
399 1530 542 1616 primurn
576 1549 760 1610 sermones,
794 1549 873 1592 mox
905 1524 1046 1592 laudaro
1075 1551 1098 1591 15

60 1633 308 1715 constantiam,
333 1632 421 1718 quod
443 1655 525 1714 nou,
549 1642 587 1698 ut
609 1633 729 1715 ceteri,
756 1632 905 1698 florentis
930 1631 1046 1698 domus

59 1739 197 1802 amicus
233 1734 403 1801 adflictam
444 1736 664 1819 deseruissem
704 1735 802 1800 simul
844 1735 971 1801 honora
1007 1735 1047 1801 de

62 1839 292 1922 Germanico,
316 1838 539 1926 Agrippinam
561 1841 743 1922 miserans,
768 1837 967 1904 disserebat.
1013 1849 1046 1904 et

57 1954 246 2032 postquam
271 1941 434 2026 Sabinus,
468 1954 504 2008 ut
540 1953 616 2009 suut
639 1940 755 2008 molles
785 1943 820 2006 in
849 1941 1046 2008 calamitate

59 2046 261 2113 mortalium
284 2049 399 2131 animi,
422 2047 539 2114 effudit
561 2048 734 2129 lacrimas,
765 2047 875 2111 iunxit
899 2055 1046 2132 questus,
1073 2074 1100 2113 oc

59 2150 249 2217 audentius
273 2149 340 2216 iam
364 2161 482 2217 onerat
507 2151 681 2234 Seianum,
718 2151 910 2233 saevitiam,
934 2172 1046 2236 super·

59 2255 170 2337 biam,
195 2275 270 2341 spes
294 2255 375 2320 eius.
407 2277 448 2320 ne
471 2257 505 2320 in
529 2254 699 2320 Tiberium
729 2252 864 2340 quidem
892 2255 1045 2320 convicio

60 2358 234 2442 abstinet3
257 2357 347 2444 iique
371 2379 551 2441 sermones,
576 2368 746 2444 tamquam
761 2357 870 2422 vetita
894 2358 1045 2422 miscuis-

60 2473 154 2546 sent,
179 2463 325 2549 speciem
346 2472 442 2528 artae
466 2463 637 2528 amicitiae
658 2462 777 2527 fecere.
802 2483 842 2526 ac
866 2462 933 2527 iam
957 2461 1045 2528 ultro

60 2565 215 2632 Sabinus
239 2586 402 2651 quaerere
422 2565 607 2646 Latiarem,
630 2566 798 2630 ventitare
822 2563 965 2649 domum,
989 2566 1046 2632 do·
1074 2593 1099 2633 2⁵

60 2668 157 2734 lores
183 2689 265 2732 suos·
282 2669 380 2753 quasi
403 2668 449 2734 ad
471 2668 670 2734 fidissimum
695 2666 834 2734 deferre.

140 2803 143 2814 ·
172 2768 223 2833 69.
246 2766 450 2836 Consultant
473 2793 555 2856 quos
570 2772 764 2854 memoravi,
788 2792 933 2859 quonam
948 2772 1046 2838 modo

62 2897 103 2939 ca
120 2873 270 2961 plurium
293 2873 412 2939 auditu
428 2877 672 2960 acciperentur.
695 2897 774 2941 uam
789 2875 875 2959 loeo,
899 2877 933 2940 in
950 2897 1045 2962 quern

63 2979 240 3062 coibatur,
269 2978 436 3044 servanda
472 2978 664 3045 solitudinis
688 2979 812 3062 facies3
846 2988 878 3044 et
908 2981 936 3045 si
960 3002 1046 3066 pone

63 3083 156 3148 fores
180 3081 403 3166 adsisterent,
438 3092 545 3148 metus
569 3083 680 3165 visus,
716 3082 846 3148 sonitus
875 3093 935 3148 aut
960 3084 1046 3149 forte

65 3196 163 3251 ortae
187 3187 386 3272 suspicionis
411 3197 494 3252 erat.
539 3194 666 3251 tectum
695 3187 783 3252 inter
813 3194 846 3251 ct
870 3185 1044 3272 laquearia
1073 3213 1086 3254 s

63 3299 135 3355 tres
162 3300 344 3372 senatores,
368 3289 459 3356 haud
473 3290 582 3355 minus
605 3289 695 3375 turpi
719 3288 851 3354 latebra
867 3311 967 3374 quam
991 3290 1045 3355 de·

65 3391 228 3458 testanda
250 3392 383 3476 fraude,
419 3415 493 3458 sese
517 3392 735 3474 abstrudunt,
769 3391 989 3458 foraminibus
1012 3403 1045 3458 et

66 3497 160 3563 rimis
185 3517 300 3563 aurem
323 3495 515 3562 admovent.
545 3498 674 3561 interea
697 3494 847 3560 Latiaris
877 3505 1046 3582 repertum

68 3599 98 3664 in
121 3599 258 3687 publico
282 3599 454 3683 Sabinum,
488 3599 580 3665 velut
612 3620 729 3665 recens
761 3601 900 3684 cognita
928 3623 1044 3665 narra·
