2500 4084
201 290 264 358 208
532 293 713 344 conusnn
731 293 855 344 rscm

201 483 369 551 modicum
390 507 451 571 pro
476 489 637 572 angustia
652 510 775 569 rerum,
799 499 836 552 ut
859 489 895 551 in
917 509 1000 551 usus
1023 484 1197 550 militares

163 605 176 646 o
202 589 295 656 coria
310 588 411 656 boum
427 589 623 677 penderent,
645 611 714 656 non
730 593 864 656 intenta
878 593 1090 676 cuiusquam
1106 611 1200 670 cura,

201 713 287 780 quae
310 693 495 776 firmitudo,
523 717 612 782 quae
633 717 809 778 mensura,
839 695 947 760 donee
972 694 1153 760 Olennius
1183 714 1200 754 e

201 796 465 884 primipilaribus
480 799 640 883 regendis
656 800 779 865 Frisiis
803 802 972 888 inpositus
989 811 1098 882 terga
1123 819 1199 863 uro·

202 921 272 966 rum
296 899 432 986 delegit,
457 923 596 988 quorum
619 902 665 968 ad
687 904 831 968 formam
853 905 1114 988 acciperentur.
1164 898 1200 962 id

201 1003 277 1070 aliia
308 1026 438 1092 qnoque
472 1006 666 1073 nationibus
697 1007 839 1072 arduum
873 1006 966 1092 apud
997 1006 1198 1072 Germanos

152 1125 176 1166 ¹⁰
204 1107 374 1176 difficilius
408 1107 638 1194 tolerabatur,
673 1113 748 1197 quis
783 1113 973 1195 ingentium
1009 1110 1197 1176 beluarum

201 1213 330 1280 seratas
367 1212 489 1296 saltus,
523 1213 657 1280 modica
693 1213 782 1280 domi
817 1225 973 1279 armenta
1009 1225 1103 1280 sunt.
1154 1237 1195 1278 ac

200 1319 306 1406 primo
331 1317 432 1386 boves
457 1321 564 1406 ipsos,
598 1341 677 1384 mox
700 1339 818 1403 agros,
847 1329 1194 1404 postremoeorpera

201 1424 380 1508 coniugum
404 1432 464 1489 aut
487 1421 668 1488 liberorum
697 1423 836 1488 servitio
860 1420 1060 1488 tradebant.
1108 1423 1191 1487 hine

202 1527 252 1593 ira
281 1535 314 1593 et
342 1534 494 1614 questus,
528 1536 562 1592 et
595 1535 774 1612 postquam
805 1547 874 1590 nen
909 1525 1189 1610 subveniebatur,

152 1641 175 1684 ¹⁶
202 1629 383 1699 remedium
408 1653 450 1696 ex
474 1629 572 1696 bello.
607 1632 696 1717 rapti
720 1632 777 1716 qui
798 1629 927 1697 tributo
956 1631 1105 1698 aderant
1128 1635 1189 1698 rni-

201 1734 278 1803 lites
310 1744 342 1802 at
374 1732 527 1820 patibulo
561 1733 684 1800 adfixi:
718 1733 882 1801 Olennius
918 1736 1070 1801 infensos
1102 1737 1189 1820 fuga

202 1839 396 1928 praevenit,
426 1847 587 1924 receptus
605 1837 767 1921 castello,
798 1839 853 1904 eui
876 1861 999 1904 nomen
1023 1839 1188 1923 Flevum3

202 1953 236 2010 et
259 1941 349 2010 haud
373 1940 561 2027 spernenda
585 1940 656 2006 illie
674 1943 798 2008 civium
813 1943 1047 2030 sociorumque
1063 1967 1186 2010 manus

202 2045 302 2114 litora
326 2045 454 2115 Oceani
477 2045 705 2132 praesidebat.

305 2149 355 2216 73.
380 2149 478 2232 Quod
493 2149 551 2216 ubi
566 2149 605 2215 L.
622 2149 771 2242 Apronio
794 2138 962 2217 inferioris
980 2149 1186 2219 Germaniae

202 2277 260 2344 pro
285 2263 437 2343 praetore
461 2255 643 2340 cognitum,
667 2252 795 2320 vexilla
818 2253 989 2340 legionum
1012 2280 1031 2322 e
1056 2261 1184 2344 superi-

203 2381 259 2427 ore
282 2358 455 2446 provincia
484 2357 700 2444 peditumque
731 2368 763 2423 et
787 2361 935 2444 equiturn
963 2361 1183 2429 auxiliarium

203 2463 353 2530 delectos
393 2463 520 2530 accivit
559 2484 600 2528 ae
642 2461 740 2527 simul
782 2471 958 2548 utrumque
994 2468 1183 2532 exercitum

163 2593 176 2634 r
203 2565 318 2634 Rheno
344 2567 519 2632 devectum
535 2563 656 2630 Frisiis
680 2565 804 2649 intulit,
829 2565 938 2632 soluto
962 2569 1031 2632 iam
1047 2569 1182 2635 castelli

202 2669 333 2738 obsidio
368 2679 401 2737 et
431 2669 476 2736 ad
506 2691 566 2735 sua
601 2668 745 2735 tutanda
782 2669 950 2754 degressis
986 2670 1182 2741 rebellibus.

202 2776 306 2860 igitur
339 2775 491 2862 proxima
525 2775 699 2839 aestuaria
733 2771 918 2857 aggeribus
954 2782 987 2838 et
1019 2778 1181 2861 pontibus

203 2876 410 2946 traducendo
435 2878 583 2962 graviori
607 2878 733 2960 agmini
756 2877 877 2942 firmat.
921 2888 1025 2965 atque
1048 2881 1183 2949 interim

202 2983 344 3070 repertis
361 2979 460 3050 vadis
483 2980 572 3047 alam
588 2977 846 3046 Canninefatem
869 2990 902 3047 et
926 2980 1016 3068 quod
1031 2983 1183 3068 peditum

1242 3964 1243 4009 l

79 3167 83 3180 1
152 3109 176 3150 ro
204 3086 446 3154 Germanorum
480 3088 569 3152 inter
596 3094 735 3170 ¹nostros
769 3084 920 3152 merebat
955 3087 1182 3174 circumgredi

202 3201 299 3278 terga
333 3190 481 3257 hostium
504 3189 613 3274 iubet,
642 3190 697 3276 qui
721 3190 789 3254 iam
812 3191 886 3256 acie
911 3192 1092 3277 compositi
1115 3195 1181 3282 pel·

202 3296 276 3362 lunt
299 3305 426 3361 turmas
451 3293 593 3360 sociales
617 3295 811 3380 equitesque
833 3293 1004 3378 legionum
1026 3295 1180 3366 subsidio

202 3399 334 3463 missos.
368 3407 440 3461 tum
462 3405 529 3462 tres
554 3396 644 3461 leves
669 3396 822 3462 cohortes
847 3419 886 3462 ae
920 3419 1053 3463 rursum
1083 3401 1179 3486 duae,

206 3498 283 3563 dein
321 3510 468 3584 tempore
504 3501 680 3564 interiecto
715 3498 841 3565 alarius
872 3523 971 3588 eques
1005 3502 1179 3570 inmissus:

154 3613 178 3652 1⁵
206 3601 288 3662 satis
304 3600 420 3682 validi,
445 3601 473 3664 si
497 3600 592 3665 simul
617 3600 857 3687 incubuissent,
880 3617 940 3690 per
964 3605 1177 3674 intervallum
