2552 4084
249 290 291 354 74
577 289 749 340 CORNELII
768 287 890 339 TAOITI

246 490 361 546 menta
383 481 588 565 interrogari
609 479 747 566 placuit.
783 490 817 545 et
845 480 924 564 quia
947 487 1061 544 vetere
1087 488 1215 544 senatus
1267 523 1268 526 ,

194 598 220 638 1⁵
246 583 399 649 consulto
429 585 582 670 quaestio
611 586 645 650 in
674 591 777 671 caput
813 582 939 650 domini
971 579 1216 667 prohibebatur,
1267 619 1268 657 3

244 686 391 753 callidus
416 699 449 754 et
471 689 551 756 novi
574 689 657 754 iuris
680 695 833 774 repertor
854 685 1011 752 Tiberius
1034 686 1216 772 mancipari
1266 700 1268 761 j

244 791 397 876 singulos
420 794 529 858 actori
551 791 686 878 publico
709 790 820 871 iubet,
849 789 980 856 scilicet
1002 799 1040 854 ut
1062 788 1099 854 in
1122 787 1212 854 Libo·

243 917 320 960 nem
343 918 386 961 ex
410 897 515 962 servis
541 895 635 962 salvo
660 904 798 962 senatus
821 892 975 962 consulto
992 903 1214 980 quaereretur.
1267 937 1268 970 ,

244 997 286 1063 ob
309 1021 395 1085 quae
427 1010 599 1086 posterum
634 999 722 1066 diem
756 1021 834 1068 reus
867 998 990 1085 petivit
1024 995 1215 1084 domumque
1267 1059 1268 1072 ,

192 1117 217 1156 20
244 1101 417 1187 digressus
447 1114 616 1170 extremas
646 1123 762 1190 preces
792 1103 828 1167 P.
853 1101 1006 1184 Quirinio
1034 1102 1214 1188 propinquo
1267 1140 1268 1178 3

242 1226 302 1270 suo
326 1206 372 1272 ad
392 1208 578 1295 principem
599 1205 786 1274 mandavit.

318 1333 319 1336 ¹
345 1309 396 1374 31.
419 1310 629 1397 Responsum
652 1320 703 1377 est
726 1320 763 1376 ut
787 1319 941 1374 senatum
963 1315 1112 1392 rogaret.
1151 1310 1213 1372 cin-

242 1411 386 1495 gebatur
402 1414 536 1480 interim
558 1413 664 1479 milite
689 1412 816 1496 domus,
840 1410 1035 1497 strepebant
1060 1411 1165 1476 etiam
1186 1414 1213 1476 in
1267 1449 1268 1454 κ

241 1514 419 1598 vestibulo,
442 1527 480 1582 ut
503 1516 631 1600 audiri,
654 1526 692 1584 ut
714 1517 823 1603 aspici
844 1524 999 1601 possent,
1033 1533 1111 1578 cum
1132 1513 1212 1580 Libo

241 1618 324 1704 ipsis
354 1641 437 1706 quas
469 1620 505 1686 in
534 1621 753 1686 novissimam
779 1617 988 1704 voluptatem
1015 1616 1213 1684 adhibuerat

202 1736 213 1774 ⁵
242 1719 349 1806 epulis
373 1725 589 1789 excruciatus
619 1744 743 1788 vocare
770 1743 1019 1808 percussorem,
1057 1743 1213 1807 prensare

241 1845 413 1891 servorum
443 1826 600 1910 dextras,
628 1828 777 1895 inserere
806 1823 967 1909 gladium.
1014 1833 1118 1910 atque
1141 1825 1213 1906 illis,

241 1925 319 1992 dum
342 1927 530 2015 trepidant,
569 1928 648 1995 dum
670 1929 858 2012 refugiunt,
893 1926 1125 1993 evertentibus
1160 1928 1212 1994 ad·

239 2032 385 2116 positum
407 2034 441 2097 in
464 2055 582 2098 mensa
603 2032 733 2117 lumen,
756 2031 918 2098 feralibus
942 2033 1010 2096 iam
1040 2030 1108 2096 sibi
1132 2043 1213 2098 tene·

238 2131 309 2198 bris
345 2134 427 2200 duos
456 2136 544 2201 ictus
569 2138 604 2202 in
630 2138 763 2202 viscera
794 2135 936 2201 derexit.
982 2134 1027 2199 ad
1056 2137 1212 2218 gemitum

188 2249 213 2291 1⁰
239 2235 451 2304 conlabentis
475 2238 658 2306 adcurrere
679 2239 805 2322 liberti,
835 2247 868 2303 et
891 2237 997 2304 caede
1020 2239 1097 2302 visa
1121 2236 1210 2305 miles

237 2339 381 2407 abstitit.
398 2342 572 2408 accusatio
587 2352 703 2408 tamen
719 2341 810 2429 apud
824 2351 939 2428 patres
955 2340 1210 2407 adseveratione

237 2442 355 2510 eadem
382 2456 538 2531 peracta,
567 2448 758 2533 iuravitque
780 2444 936 2511 Tiberius
963 2447 1152 2531 petiturum
1178 2467 1210 2510 se

235 2548 342 2612 vitam
365 2552 518 2634 quamvis
542 2551 697 2634 nocenti,
726 2551 793 2614 nisi
815 2548 1044 2614 voluntariam
1074 2558 1211 2614 mortem

234 2654 496 2736 properavisset.

337 2753 389 2820 32.
423 2756 519 2824 Bona
551 2758 640 2824 iuter
674 2765 893 2823 accusatores
929 2755 1147 2842 dividuntur,
1181 2766 1211 2822 et

234 2866 414 2940 praeturae
443 2869 541 2926 extra
576 2859 728 2927 ordinem
756 2860 857 2926 datae
886 2861 928 2927 iis
964 2861 1020 2946 qui
1051 2862 1211 2926 senatorii

235 2959 362 3026 ordinis
394 2973 500 3030 erant.
546 2973 625 3030 tunc
650 2962 750 3029 Cotta
780 2962 1000 3046 Messalinus,
1027 2984 1071 3028 ue
1100 2966 1210 3049 imago

1261 2431 1268 2486 l

1261 2490 1266 2533 r

232 3060 374 3129 Libonis
399 3069 578 3152 exsequias
593 3078 803 3153 posterorum
816 3068 1045 3150 comitaretur,
1070 3069 1210 3150 censuit,
1267 3061 1268 3070 ’

194 3180 206 3219 ⁵
233 3162 294 3231 Cn.
324 3165 506 3252 Lentulus,
539 3193 582 3237 ue
616 3173 690 3256 quis
721 3169 917 3237 Scribonius
952 3180 1211 3254 cognomentum

231 3267 335 3334 Drusi
364 3271 567 3340 adsumeret.
613 3273 898 3361 supplicationum
932 3273 1005 3340 dies
1034 3273 1211 3362 Pomponii

230 3369 350 3437 Flacci
367 3378 536 3442 sententia
552 3380 746 3460 constituti,
770 3377 859 3444 dona
882 3377 967 3460 Iovi,
989 3376 1105 3460 Marti,
1124 3375 1210 3442 Con·

232 3474 389 3560 cordiae,
417 3487 520 3565 utque
543 3479 658 3546 iduum
680 3479 928 3567 Septembrium
951 3480 1039 3565 dies,
1074 3502 1140 3568 quo
1176 3503 1209 3544 se

232 3573 319 3642 Libo
349 3581 576 3667 interfecerat,
611 3582 683 3650 dies
712 3583 819 3650 festus
850 3584 1042 3667 baberetur,
1066 3583 1108 3649 L.
1131 3584 1209 3650 Piso
