2500 4084
233 288 471 343 1111011111
491 287 714 341 1101111111.
735 289 845 339 11-41.
970 283 1033 352 245

158 482 210 548 41.
233 482 297 548 Per
320 481 410 547 idem
437 489 568 566 tempus
592 478 759 546 Clitarum
781 482 875 546 natio
899 475 1031 564 Cappa-

48 589 132 654 doci
156 585 322 652 Archelao
347 584 516 668 subiecta,
547 586 625 671 quia
654 594 805 651 nostrum
835 586 870 649 in
897 581 1032 648 modurn

48 691 185 756 deferre
209 712 344 771 census,
378 691 450 776 pati
479 687 608 754 tributa
638 687 858 772 adigebatur,
893 689 927 752 in
950 688 1032 770 iuga

44 795 157 859 Tauri
184 795 307 859 montis
337 792 503 858 abscessit
531 791 746 878 locorumque
779 793 914 876 ingenio
950 813 1024 856 sese

45 907 172 962 eontra
196 895 347 976 imbelles
371 897 461 986 regis
485 897 600 982 copias
629 895 822 979 tutabatur,
854 895 959 962 donec
983 897 1028 962 M.
1058 914 1070 954 ⁵

44 999 241 1066 Trebellius
264 1000 408 1084 legatus,
432 1023 452 1064 a
468 998 608 1064 Vitellio
631 997 788 1085 praeside
812 997 931 1064 Suriae
954 1021 1030 1066 cum

45 1114 210 1191 quattuor
232 1102 366 1169 milibus
390 1103 652 1187 legionariorum
676 1112 710 1168 et
734 1101 873 1167 delectis
891 1103 1028 1169 auxiliis

42 1210 182 1287 missus,
207 1205 289 1272 duos
313 1205 428 1290 collis,
452 1228 534 1292 quos
563 1205 701 1271 barbari
729 1206 924 1272 insederant
956 1208 1028 1290 (mi-

43 1316 124 1379 nori
152 1311 282 1395 Cadra,
317 1310 416 1376 alteri
439 1309 579 1375 Davara
606 1332 728 1376 nomen
751 1309 832 1393 est),
871 1309 1026 1396 operibus

43 1416 272 1488 circumdedit
295 1424 329 1480 et
352 1435 522 1500 erumpere
546 1435 645 1480 ausos
674 1413 780 1497 ferro,
815 1422 945 1479 ceteros
968 1415 1026 1480 siti
1054 1437 1081 1475 ιο

43 1521 94 1586 ad
120 1520 325 1586 deditionem
347 1520 468 1602 coegit.

151 1623 197 1689 At
219 1622 391 1688 Tiridates
415 1620 607 1687 volentibus
630 1622 765 1687 Parthis
788 1621 1027 1707 Nicephorium

43 1737 79 1792 et
105 1725 373 1792 Anthemusiada
397 1734 596 1810 ceterasque
619 1725 719 1790 urbes
726 1775 735 1808 7
760 1747 846 1810 quae
869 1725 1025 1791 Macedo-

41 1829 144 1896 nibus
169 1831 255 1895 sitae
279 1826 413 1894 Graeca
435 1827 603 1893 vocabula
626 1838 806 1915 usurpant,
836 1829 1026 1916 Halumque

42 1943 78 1999 ct
105 1932 306 2000 Artemitam
320 1931 481 1996 Parthica
506 1931 628 2018 oppida
652 1934 799 2019 recepit·
814 1932 1024 1998 certantibus
1053 1952 1078 1992 15

42 2037 171 2121 gaudio
201 2038 256 2122 qui
280 2034 493 2101 Artabanum
517 2033 662 2120 Scythas
687 2037 775 2100 inter
798 2035 957 2101 eductum
982 2035 1023 2100 ob

42 2141 224 2206 saevitiam
253 2141 422 2205 exsecrati
451 2160 544 2203 come
573 2137 738 2204 Tiridatis
767 2139 938 2223 ingenium
960 2140 1024 2204 Ro·

40 2265 163 2310 manas
186 2266 246 2330 per
268 2251 359 2309 artes
385 2241 577 2329 sperabant.

146 2345 198 2410 42.
214 2347 399 2412 Plurimum
419 2345 627 2411 adulationis
641 2343 858 2410 Seleucenses
873 2346 1022 2428 induere,

40 2453 166 2517 civitas
182 2461 312 2538 potens,
330 2460 447 2536 saepta
462 2451 565 2514 muris
577 2471 685 2536 neque
701 2451 735 2512 in
751 2447 933 2514 barbarum
949 2473 1023 2515 cor·
1068 2432 1071 2440 ,

39 2567 151 2644 rupta,
176 2556 235 2622 sed
257 2555 443 2620 conditoris
460 2553 592 2620 Seleuci
608 2555 768 2619 retinens
793 2555 936 2620 trecenti
954 2556 1022 2639 opi-

38 2661 103 2727 bus
122 2669 181 2725 aut
198 2659 364 2745 sapientia
382 2657 505 2724 delecti
521 2667 558 2723 ut
574 2668 721 2740 senatus,
743 2679 804 2720 sua
820 2656 942 2743 populo
958 2658 1020 2722 vis.

40 2772 74 2829 et
106 2765 259 2849 quotiens
290 2761 476 2827 concordes
512 2770 634 2846 agunt,
668 2761 837 2846 spernitur
859 2759 1020 2826 Parthus:
1048 2781 1059 2819 s

38 2867 97 2933 ubi
122 2865 328 2947 dissensere,
353 2864 432 2930 dum
460 2863 525 2930 sibi
555 2867 696 2952 quisque
722 2874 840 2930 contra
871 2863 1019 2929 aemulos

39 2969 229 3036 subsidium
264 2978 404 3052 vocant,
443 2970 572 3034 accitus
607 2971 641 3034 in
675 2977 807 3055 partem
841 2967 1020 3033 adversum

39 3096 154 3140 omnes
183 3073 337 3138 valescit.
376 3071 411 3137 id
437 3094 543 3158 nuper
569 3072 743 3138 acciderat
770 3070 947 3138 Artabano
968 3095 1018 3136 re-

36 3185 174 3263 gnante,
192 3179 248 3264 qui
263 3176 394 3264 plebem
417 3174 617 3263 primoribus
633 3175 777 3241 tradidit
793 3197 835 3240 ex
859 3197 918 3240 suo
942 3198 1019 3240 usu:

35 3304 115 3347 nam
127 3282 241 3367 populi
255 3282 429 3367 imperium
441 3281 538 3345 iuxta
551 3279 753 3362 libertatern,
765 3301 948 3365 paucorum
961 3278 1017 3343 do·
1045 3298 1070 3337 1⁰

34 3385 176 3450 minatio
199 3385 315 3468 regiae
338 3382 473 3448 libidini
492 3385 629 3469 propior
652 3393 713 3449 est.
737 3393 807 3449 tum
830 3382 1017 3448 adventan-

35 3499 104 3554 tem
115 3486 293 3552 Tiridaten
309 3483 477 3551 extollunt
487 3496 637 3551 veterum
652 3505 769 3570 regum
785 3484 966 3550 honoribus
983 3494 1016 3549 et

35 3612 118 3679 quos
141 3611 258 3655 recens
281 3597 376 3653 aetas
400 3587 529 3672 largius
551 3587 697 3671 invenit3
723 3587 819 3652 simul
841 3586 964 3673 probra
980 3589 1015 3653 in
