2590 4078
184 311 224 380 68
385 360 393 378 ,
508 309 682 362 coannnn
702 308 824 360 rncrrr

179 507 268 583 rant,
290 499 391 566 facile
413 500 584 585 inrupere:
607 500 681 587 quis
706 496 948 585 inpugnandus
972 519 1090 584 agger,
1120 510 1163 566 ut

179 604 209 668 si
237 625 368 668 murum
397 601 631 685 succederent,
661 601 822 687 gravibus
853 624 996 688 superne
1031 602 1161 669 ictibus

130 728 152 766 to
180 705 471 772 conflictabantur.
496 707 601 772 sensit
619 705 688 772 dux
710 707 861 793 inparem
886 707 1072 774 comminus
1099 729 1162 792 pn-

180 831 282 894 gnam
292 812 494 897 remotisque
505 809 642 896 paulum
656 809 847 894 legionibus
862 809 1051 876 funditores
1064 809 1160 875 libri·

181 924 335 1000 toresque
359 921 518 979 excutere
540 912 610 978 tela
632 923 666 978 et
680 912 880 998 proturbare
901 914 1032 980 hostem
1055 912 1162 978 iubet.

179 1020 303 1083 missae
334 1040 351 1082 e
381 1017 556 1082 tormentis
585 1015 722 1100 hastae,
757 1027 949 1102 quantoque
982 1018 1162 1102 conspicui

180 1123 289 1204 magis
322 1131 608 1207 propugnatores,
643 1131 738 1186 tanto
774 1119 926 1205 pluribus
960 1118 1161 1185 vulneribus

129 1244 154 1284 15
182 1223 314 1290 deiecti.
343 1225 469 1310 primus
494 1221 622 1290 Caesar
652 1246 728 1290 cum
754 1223 934 1310 praetoriis
963 1221 1162 1289 cohortibus

180 1337 279 1414 capto
303 1326 393 1393 vallo
419 1326 512 1394 dedit
535 1329 693 1414 impetum
716 1328 750 1394 in
775 1326 896 1409 silvas3
925 1325 1062 1392 conlato
1087 1326 1161 1393 illic

180 1429 290 1516 gradu
312 1439 487 1496 certatum.
517 1431 646 1496 hostem
677 1453 697 1494 a
719 1441 815 1514 tergo
845 1427 959 1515 palus,
988 1429 1161 1496 Romanos

178 1535 300 1600 flumen
324 1544 382 1601 ant
404 1546 533 1601 montes
549 1532 772 1600 claudebant:
795 1534 946 1618 utrisque
969 1534 1162 1599 necessitas

180 1640 215 1704 in
237 1637 322 1722 loco,
346 1661 422 1725 spes
445 1639 480 1703 in
502 1639 636 1721 virtute,
660 1636 752 1702 selus
777 1659 819 1701 ex
841 1637 997 1701 victoria.

283 1741 334 1807 21.
357 1741 427 1808 Nec
451 1743 559 1806 minor
583 1737 761 1806 Germanis
786 1740 926 1823 animus,
951 1738 1013 1806 sed
1035 1759 1162 1824 genere

180 1865 315 1932 pugnae
352 1855 385 1911 et
419 1866 586 1910 armorum
626 1841 891 1930 superabantur,
926 1863 1004 1908 cum
1038 1845 1160 1927 ingens

180 1949 359 2016 multitudo
382 1950 466 2014 artis
489 1948 573 2014 locis
588 1946 791 2035 praelongas
808 1947 925 2012 hastas
941 1967 1009 2012 non
1023 1956 1161 2033 proten·

183 2055 286 2136 deret,
310 2074 377 2118 non
400 2051 592 2137 colligeret,
620 2073 729 2139 neque
758 2049 948 2118 adsultibus
977 2060 1012 2115 et
1034 2049 1160 2116 veloci·

143 2168 254 2228 state
287 2177 463 2242 corporum
489 2165 657 2239 uteretur,
680 2164 802 2221 coacta
833 2152 956 2219 stabile
989 2153 1035 2218 ad
1063 2176 1161 2239 proe-

180 2261 279 2347 lium,
302 2268 421 2326 contra
444 2261 551 2343 miles,
576 2260 631 2324 cni
654 2269 785 2324 scutum
806 2258 937 2344 pectori
960 2255 1161 2343 adpressum

182 2377 216 2431 et
239 2364 388 2431 insidens
412 2363 532 2450 capulo
554 2385 684 2447 manus,
707 2362 795 2428 latos
810 2359 1033 2427 barbarorum
1054 2370 1161 2444 artus,

182 2469 274 2534 nuda
297 2490 356 2533 ora
378 2466 509 2534 foderet
523 2468 679 2555 viamque
701 2476 816 2551 strage
832 2465 977 2532 hostium
1000 2466 1161 2550 aperiret,

184 2576 371 2659 inprompto
394 2573 462 2638 iam
477 2570 627 2637 Arminio
653 2570 695 2636 ob
717 2571 878 2636 continua
900 2566 1064 2654 pericula,
1089 2569 1162 2634 sive

132 2707 157 2744 ιο
185 2675 278 2741 illum
299 2698 417 2743 recens
441 2685 618 2761 acceptum
639 2674 761 2740 vulnus
785 2672 993 2740 tardaverat.
1022 2673 1162 2758 quinat

184 2782 439 2866 Inguiomerum,
462 2789 535 2846 tota
557 2778 756 2845 volitantem
779 2779 868 2860 acie,
892 2777 1027 2842 fortuna
1050 2777 1161 2861 magis

185 2909 285 2973 quam
306 2887 414 2951 virtus
439 2881 626 2949 deserebat.
659 2892 691 2948 et
716 2880 938 2948 Germanicus
962 2900 1027 2966 quo
1049 2880 1161 2964 magis

186 2990 467 3075 adgnosceretur,
491 2986 688 3054 detraxerat
716 2987 863 3070 tegimen
896 2984 1001 3070 capiti
1026 2981 1163 3049 orabat·

186 3117 249 3181 que
273 3095 469 3160 insisterent
491 3091 669 3158 caedibus:
692 3091 739 3157 nil
763 3112 846 3176 opus
869 3089 1030 3175 captivis,
1054 3085 1164 3152 solam

135 3225 160 3265 n
186 3198 450 3266 internecionem
473 3197 585 3280 gentis
599 3195 699 3262 finem
721 3192 809 3259 bello
833 3193 915 3258 fore.
939 3193 1070 3279 iamque
1087 3213 1162 3256 sero

188 3301 255 3368 diei
279 3299 436 3367 subducit
466 3322 510 3366 ex
532 3299 607 3364 acie
628 3297 795 3382 legionem
822 3295 990 3362 faciendis
1021 3296 1162 3361 castris:

187 3415 322 3472 ceterae
350 3404 396 3470 ad
418 3413 553 3470 noctem
581 3423 700 3468 cruore
727 3398 873 3470 hostium
896 3400 1042 3468 satiatae
1072 3409 1162 3464 sunt.

190 3511 318 3598 equites
342 3507 499 3592 ambigue
521 3515 707 3574 certavere.
