2500 4084
230 299 291 366 13ss
553 297 726 350 oonnnnn
744 298 868 348 suern

226 513 331 590 tuere,
365 505 559 572 nubendum
591 516 667 594 post
693 506 843 573 Drusum
876 529 921 572 an
955 509 992 572 in
1023 505 1200 594 penatibus

175 635 199 676 ιο
227 608 334 676 isdem
367 609 582 675 tolerandum
614 609 772 694 haberet3
807 633 882 676 esse
915 609 966 676 illi
993 621 1137 678 matrem
1171 618 1199 673 ot

226 715 349 796 aviam,
372 716 529 801 propiora
552 714 706 780 consilia.
753 715 938 802 simplicius
961 724 1135 797 acturum,
1164 713 1200 777 de

226 817 413 882 inimicitiis
436 818 580 903 primum
602 816 827 904 Agrippinae,
860 842 945 906 quas
968 819 1072 902 longe
1095 820 1199 883 aerius

226 943 381 1005 arsuras,
421 923 448 986 si
482 921 732 986 matrimonium
753 921 877 987 Liviae
904 921 999 987 velut
1027 923 1064 986 in
1092 930 1200 1008 partes

227 1025 359 1092 domum
382 1022 565 1091 Caesarum
597 1024 825 1091 distraxisset.
872 1028 921 1092 sie
944 1047 1078 1113 quoque
1103 1047 1200 1090 erum·

175 1155 199 1194 rs
225 1151 305 1217 pere
339 1128 599 1196 aemulationem
632 1130 850 1214 feminarum,
889 1152 996 1217 eaque
1030 1129 1198 1195 discordia

225 1243 364 1320 nepotes
390 1255 466 1298 suos
484 1231 647 1298 convelli:
671 1234 752 1320 quid
776 1235 805 1299 si
821 1233 1018 1300 intendatur
1033 1243 1200 1300 certamen

226 1335 287 1402 tali
311 1336 493 1420 coniugio?
510 1333 653 1402 ‘falleris
678 1338 776 1420 enim,
802 1336 939 1420 Seiano,
963 1339 991 1400 si
1015 1347 1050 1403 te
1071 1357 1200 1401 mansu-

225 1461 298 1506 rum
322 1441 356 1504 in
380 1439 497 1506 eodem
520 1439 638 1505 ordine
653 1449 764 1526 putas,
789 1451 823 1506 et
844 1440 990 1524 Liviam,
1014 1463 1104 1526 quae
1121 1438 1200 1504 Gaio

226 1542 382 1630 Caesari,
406 1566 485 1610 mox
507 1543 618 1610 Druso
642 1552 748 1631 nupta
770 1545 888 1621 fuerit,
913 1567 953 1610 ea
975 1552 1091 1609 mente
1114 1553 1201 1610 actu·

172 1673 198 1716 ro
226 1668 309 1730 ram,
333 1654 370 1713 ut
393 1669 469 1712 cum
493 1648 605 1734 equite
627 1647 778 1712 Romano
803 1656 968 1713 senescat.
1015 1668 1080 1732 ego
1104 1657 1141 1713 ut
1163 1649 1201 1712 si·

224 1773 313 1835 nam,
337 1749 492 1816 credisne
514 1772 675 1836 passuros
699 1753 756 1837 qui
778 1751 918 1817 fratrem
941 1752 1030 1834 eius,
1060 1753 1120 1837 qui
1149 1773 1201 1838 pe-

223 1865 308 1922 trem
343 1856 553 1940 maioresque
582 1863 717 1919 nostros
753 1856 787 1918 in
817 1855 954 1920 summis
978 1856 1129 1942 imperiis
1158 1857 1201 1919 vi·

226 1959 327 2026 dere?
361 1959 412 2022 vis
442 1967 479 2023 tu
507 1956 642 2044 quidem
671 1958 773 2023 istum
802 1959 893 2023 intra
920 1956 1033 2023 locum
1066 1960 1200 2024 sistere:
1240 1991 1241 2013 r

225 2061 284 2128 sed
314 2059 363 2126 illi
392 2062 614 2145 magistratus
654 2068 686 2124 et
715 2062 896 2146 primores,
931 2062 987 2146 qui
1022 2070 1056 2126 te
1093 2063 1195 2127 invito

173 2193 198 2232 as
224 2171 441 2252 perrumpunt
466 2162 686 2249 omnibusque
714 2163 756 2228 de
783 2163 884 2230 rebus
915 2163 1115 2250 consulunt,
1150 2189 1200 2230 ex·

224 2269 369 2333 cessisse
398 2268 466 2332 iam
494 2265 624 2352 pridem
653 2275 807 2354 equestre
834 2268 1010 2352 fastigium
1038 2267 1200 2356 longeque

224 2373 354 2436 antisse
387 2370 495 2458 patris
528 2371 594 2437 mei
617 2371 787 2438 amicitias
827 2393 893 2437 non
927 2370 1053 2437 occulti
1094 2373 1198 2440 ferunt

224 2497 348 2560 perque
371 2474 538 2541 invidiam
559 2475 610 2540 tui
631 2495 685 2539 me
708 2496 839 2562 quoque
862 2477 1030 2540 incusant.
1055 2487 1093 2542 at
1117 2479 1199 2542 enim

224 2579 398 2665 Augustus
421 2578 526 2646 filiam
549 2602 644 2645 suam
668 2580 771 2666 equiti
794 2581 944 2645 Romano
970 2579 1110 2644 tradere
1132 2602 1194 2644 me·

171 2709 196 2750 so
225 2683 352 2750 ditatus
370 2692 431 2749 est.
453 2684 575 2749 mirum
589 2682 735 2768 hercule,
760 2685 798 2767 si,
823 2705 898 2749 cum
913 2684 948 2747 in
971 2683 1077 2748 omnis
1103 2704 1198 2750 ouras
1238 2689 1239 2692 ’

226 2786 471 2853 distraheretur
486 2787 748 2875 immensumque
764 2786 877 2853 attolli
892 2787 1088 2873 provideret
1106 2809 1198 2874 quen

224 2890 462 2957 coniunctione
484 2890 547 2956 tali
571 2913 670 2977 super
693 2890 779 2956 alios
803 2890 993 2975 extulisset,
1017 2888 1055 2956 Ο.
1078 2890 1197 2957 Procu-

224 2994 326 3060 leium
355 3003 388 3059 et
418 2993 581 3080 quosdam
609 2996 644 3059 in
673 2994 883 3061 sermonibus
917 2994 1035 3060 habuit
1072 2995 1196 3080 insigni
1237 3039 1238 3061 t

224 3095 475 3184 tranquillitate
491 3099 593 3181 vitae,
610 3097 711 3163 nullis
728 3098 777 3163 rei
792 3097 951 3183 publicae
965 3098 1114 3182 negotiis
1129 3121 1198 3186 per·

172 3227 197 3268 aa
223 3203 359 3266 mixtos.
376 3201 437 3266 sed
451 3202 478 3266 si
497 3201 709 3268 dubitatione
721 3200 869 3286 Augusti
880 3223 1060 3284 movemur,
1076 3213 1197 3288 quanto

223 3303 370 3370 validius
395 3315 446 3370 est
469 3305 558 3392 quod
580 3305 696 3372 Marco
719 3304 903 3392 Agrippae,
925 3327 1006 3372 mox
1026 3305 1110 3371 mihi
1125 3328 1197 3373 con·
1236 3345 1237 3409 ,

224 3406 374 3472 locavit?
397 3415 499 3493 atque
527 3429 588 3492 ego
618 3409 702 3474 hace
725 3430 785 3494 pro
809 3410 962 3475 amicitia
990 3430 1059 3474 non
1091 3409 1196 3476 oecul-

223 3509 315 3573 tavi:
344 3515 493 3574 ceterum
516 3532 623 3596 neque
644 3513 712 3576 tuis
735 3533 844 3599 neque
867 3511 989 3577 Liviae
1019 3510 1194 3578 destinetis

225 3607 441 3674 adversabor.
487 3611 558 3694 ipse
581 3611 661 3698 quid
683 3614 773 3679 intra
796 3615 945 3681 animum
966 3614 1195 3700 volutaverim,
1235 3649 1236 3654 ¹
