2534 4084
378 351 380 356 ·
445 343 678 394 1111111111.
918 345 1053 410 XXVII

69 534 120 600 11.
145 536 320 620 Visurgim
343 541 519 599 transeunt
542 534 694 600 Romani.
728 531 958 600 Chariovalda
983 535 1052 601 dux

67 640 279 705 Batavorum
312 660 442 704 caesus.
471 674 513 686 -
548 636 589 701 12
612 647 645 703 et
682 635 731 702 13.
756 635 979 716 Germanicus
1009 639 1051 704 de

69 741 218 808 Arminii
241 741 382 808 consilio
406 743 531 806 certior
554 741 664 807 factus
687 753 791 808 noctu
812 743 957 809 militum
980 745 1051 808 ani·

67 867 141 910 mos
173 844 340 930 explorat.
385 845 572 928 transfugis
600 847 787 930 praemium
809 849 1008 932 promissum
1032 870 1052 912 a

68 946 270 1032 Germanis,
303 969 382 1013 mox
411 949 534 1014 castris
563 948 723 1014 Romanis
760 949 978 1015 adsultatum.
1009 985 1051 994 -

69 1049 120 1116 14.
148 1050 343 1117 Germanioi
367 1053 531 1117 somnium
553 1049 689 1117 laetum.
715 1054 823 1117 oratio
848 1053 892 1118 ad
915 1052 1050 1118 militae.

68 1193 110 1201 —
139 1153 190 1220 15.
214 1154 359 1220 Arminii
383 1155 491 1221 oratio
515 1153 561 1219 ad
585 1177 673 1220 suos.
708 1191 750 1200 —
783 1154 831 1220 16.
861 1157 955 1222 loeus
988 1179 1046 1242 pu·

66 1280 168 1343 gnae,
181 1280 318 1344 campus
330 1257 522 1323 Idisiaviso.
538 1257 704 1343 utrimque
717 1261 807 1323 acies
820 1261 995 1326 instructa.
1010 1297 1050 1307 -

69 1361 119 1427 17.
145 1363 294 1428 faustum
308 1362 467 1427 Romanis
491 1362 678 1445 augurium.
701 1361 783 1446 fuga
807 1360 1050 1430 Germanorum

68 1475 101 1531 11
125 1464 323 1530 1111111-
347 1463 397 1530 18.
421 1485 527 1550 agger
550 1474 744 1532 exstructus
768 1467 802 1531 in
825 1466 960 1532 modum
982 1477 1049 1533 tro-

67 1592 242 1656 paeorum.
268 1605 308 1615 -
334 1571 382 1633 19.
408 1591 471 1656 quo
497 1568 661 1635 dedecore
684 1571 821 1634 accensi
844 1569 957 1636 hostes
981 1570 1049 1637 bel-

67 1674 139 1741 lum
154 1684 337 1741 resumunt.
361 1712 401 1722 -
418 1672 469 1738 20.
487 1676 612 1739 acriter
627 1684 822 1761 pugnatum.
847 1710 888 1721 -
911 1673 963 1740 21.
978 1676 1050 1740 vin·

69 1788 152 1844 eunt
175 1776 314 1843 tandem
337 1777 490 1861 Romani,
514 1799 717 1864 quamquam
740 1778 869 1863 equites
894 1776 1050 1861 ambigue

68 1892 217 1948 certant.
241 1918 281 1928 —
305 1880 356 1944 22.
387 1883 580 1965 congeriem
603 1903 771 1947 armorum
800 1882 901 1946 struit
923 1879 1051 1946 Caesar

68 1985 217 2073 superbo
241 2007 316 2050 cum
341 1984 448 2050 titulo.
479 2021 520 2034 —
550 1982 602 2049 23.
631 1984 754 2050 milites
778 1983 890 2050 classe
913 1986 1049 2050 revecti.

70 2126 106 2136 -
133 2086 186 2152 24.
211 2111 255 2153 ex
277 2096 478 2174 tempestate
500 2087 680 2154 calamitas
705 2097 737 2152 et
760 2110 868 2174 paene
896 2089 1046 2153 exitium.

68 2191 207 2257 collecti
230 2191 399 2274 naufragi.
423 2227 464 2236 ——
488 2189 540 2255 25.
564 2190 627 2255 hac
650 2191 786 2255 fortuna
810 2200 940 2256 erectos
965 2188 1047 2256 Ger·

68 2317 190 2361 manos
227 2293 333 2360 denuo
368 2292 568 2377 aggreditur
597 2291 820 2359 Germanicus
860 2293 1049 2380 caeditque,

70 2396 172 2463 simul
205 2395 374 2462 defossam
399 2397 574 2463 Varianae
602 2397 746 2482 legionis
779 2397 928 2485 aquilam
962 2399 1047 2462 reci·

70 2505 132 2589 pit.
167 2538 211 2549 -
234 2499 285 2564 26.
310 2498 531 2567 Germanicus
562 2504 683 2567 iterum
711 2525 731 2567 1
754 2501 890 2567 Tiberio
914 2524 1050 2567 revoca·

70 2615 125 2671 tus
143 2604 237 2670 haud
258 2604 349 2670 ultra
373 2614 561 2670 cunctatur.
586 2643 626 2652 —
643 2604 693 2670 27.
717 2606 843 2671 Romae
859 2605 946 2670 Libo
962 2605 1048 2670 Dru-

68 2731 124 2775 sus
148 2707 193 2774 ab
217 2709 324 2774 amico
357 2708 502 2774 delatus.
539 2745 580 2754 —
618 2707 670 2773 28.
699 2731 720 2774 1
742 2707 899 2774 Fulcinio
922 2707 1047 2774 Trione

70 2819 252 2880 accusatus
276 2813 311 2877 in
335 2821 465 2878 senatu.
488 2846 530 2858 -
554 2811 605 2878 29.
628 2821 789 2898 patronos
819 2833 886 2876 non
915 2813 1049 2898 reperit.

68 2954 111 2964 —
133 2908 194 2979 301
210 2937 285 2980 oum
307 2937 374 2981 non
397 2925 466 2981 tam
490 2916 626 2983 sceleris
651 2938 752 3004 quam
772 2914 954 2981 vecordiae
969 2938 1047 2982 111-

69 3021 160 3085 vinci
193 3027 321 3105 posset,
357 3041 444 3085 novo
474 3021 545 3085 iure
574 3042 618 3084 ex
647 3021 752 3085 servis
783 3021 817 3083 in
845 3029 948 3106 caput
978 3021 1049 3084 eius

69 3124 254 3212 quaeritur.
279 3159 320 3169 -
343 3123 395 3189 31.
419 3125 487 3188 iam
508 3123 635 3190 frustra
666 3133 762 3188 orato
785 3123 938 3209 principe
960 3121 1047 3188 Libo

71 3250 105 3293 se
128 3228 201 3314 ipse
229 3227 374 3294 conficit.
413 3260 455 3272 -
488 3226 540 3293 32.
569 3228 605 3292 11
635 3227 829 3293 defunctum
859 3227 1049 3291 sententiae

71 3340 273 3396 senatorum.
297 3330 527 3397 mathematici
552 3340 585 3396 et
600 3331 692 3416 magi
709 3352 752 3396 ex
766 3327 869 3394 Italia
892 3327 991 3415 pulsi.
1008 3365 1050 3374 —

70 3433 120 3498 33.
143 3436 180 3498 in
203 3443 322 3499 senatu
353 3434 466 3518 agitur
501 3433 542 3500 de
576 3434 659 3500 luxu
691 3431 896 3513 coercendo,
930 3443 1048 3497 contra

72 3537 206 3603 disserit
229 3536 377 3602 Asinius.
402 3571 444 3582 —-
477 3535 684 3622 31111011
714 3535 873 3612 libertas,
903 3535 1048 3619 Urgula-

71 3643 145 3706 niae
175 3641 278 3705 nimia
305 3641 466 3726 potentia.
500 3675 543 3687 -—
576 3640 627 3706 35.
652 3641 693 3707 de
715 3638 814 3706 rebus
837 3639 1047 3725 proferendis
