2534 4084
258 287 304 338 ΑΒ
323 283 487 338 EXGESSU
506 286 665 340 AUGUSTI
681 286 705 336 Ἰ.
724 287 834 336 29-32.
991 286 1033 350 23
1133 286 1135 298 ’

49 481 234 568 imperium
256 475 394 548 alterius
416 478 490 562 pati
510 478 664 563 nequiret
687 474 848 564 daretque
871 498 907 541 se
928 475 1033 561 legio-

47 582 160 650 nibus.
180 584 216 646 vi
246 604 306 646 sua
340 590 464 648 cuncta
498 580 669 646 tracturis.
705 579 778 649 duo¹
804 580 895 666 apud
926 583 1074 667 ripamr

48 687 165 752 Rheni
191 686 359 752 exercitus
383 693 495 752 erant:
530 686 586 748 cui
608 707 728 750 nomen
764 686 936 771 superiori,
971 686 1033 751 sub

48 788 90 854 O.
128 787 215 856 Silio
248 787 373 872 legato,
408 787 598 853 inferiorem
631 786 672 852 A.
696 785 845 854 Caecina
879 788 1033 855 curabat.

48 895 209 978 regimen
233 914 379 958 summae
408 892 457 956 rei
490 912 593 976 penes
618 888 865 974 Germanicum,
900 892 1032 976 agendo

49 994 249 1060 Galliarum
271 997 388 1060 censui
411 1003 481 1060 tum
504 995 678 1061 intentum.
703 993 764 1060 sed
786 994 905 1082 quibus
930 993 1032 1062 Silius

48 1097 306 1181 moderabatur,
329 1107 440 1164 mente
464 1097 623 1181 ambigua
652 1097 821 1164 fortunam
855 1097 1032 1165 seditionis
1060 1117 1085 1156 10

48 1201 194 1268 alienae
221 1200 500 1288 speculabantur:
533 1202 702 1267 inferioris
732 1200 902 1270 exercitus
936 1201 1033 1268 miles

49 1308 88 1370 in
113 1303 247 1371 rabiem
268 1305 445 1392 prolapsus
468 1314 531 1389 est,
555 1315 627 1370 orto
651 1304 695 1370 ab
710 1307 1032 1372 unetvicensimanis

50 1411 298 1496 quintanisque
323 1411 429 1493 initio,
453 1420 487 1476 et
509 1412 629 1475 tractis
652 1411 760 1495 prima
777 1431 907 1496 quoque
930 1431 971 1473 ac
984 1411 1033 1474 vi-

48 1514 208 1577 censima
221 1511 431 1596 legionibus:
454 1535 534 1578 nam
556 1512 664 1580 isdem
687 1514 828 1578 aestivis
853 1514 887 1578 iu
909 1511 1032 1577 finibus

48 1615 221 1682 Ubiorum
242 1614 455 1682 habebantur
483 1638 543 1702 per
578 1618 680 1682 otium
703 1626 761 1681 aut
789 1614 881 1680 levia
909 1617 1033 1680 munia.
1062 1635 1086 1676 1⁵

50 1720 163 1802 igitur
198 1717 314 1785 audito
348 1719 414 1784 fine
443 1717 590 1803 Augusti
623 1718 809 1784 vernacula
842 1717 1034 1803 multitude,

49 1843 165 1908 nuper
186 1831 264 1886 acto
288 1823 323 1886 in
345 1821 428 1888 urbe
452 1821 589 1905 dilectu,
613 1821 778 1887 lasciviae
803 1832 910 1906 sueta,
940 1821 1033 1888 labo·

52 1948 130 1989 rum
154 1923 351 2008 intolerans,
375 1924 512 2010 implere
542 1935 730 1990 ceterorum
757 1925 858 1990 rudes
888 1927 1033 1991 animos:

52 2028 193 2118 venisse
217 2037 345 2112 tempus
369 2014 433 2114 quo
457 2030 610 2094 veterani
632 2039 800 2094 maturam
830 2029 1033 2111 missionem,

53 2133 194 2195 iuvenes
208 2129 357 2214 largiora
370 2130 549 2216 stipendia,
558 2134 673 2197 cuncti
684 2127 1034 2198 modummiseriarum
1061 2151 1087 2190 20

52 2243 281 2319 exposcerent
304 2236 547 2324 saevitiamque
575 2237 809 2301 centurionum
830 2233 1033 2300 ulcisceren-

54 2347 119 2402 tur.
144 2358 214 2400 non
236 2359 322 2402 unus
344 2336 441 2420 haec,
465 2349 502 2404 ut
523 2338 740 2403 Pannonicas
765 2340 853 2404 inter
881 2337 1032 2422 legiones

51 2439 273 2523 Percennius,
295 2463 357 2505 nec
382 2440 472 2526 apud
488 2442 639 2527 trepidas
654 2441 799 2507 militum
814 2464 924 2525 aures,
948 2440 1033 2508 alios

53 2541 241 2608 validiores
265 2546 434 2610 exercitus
459 2547 720 2630 respicientium,
745 2544 804 2610 sed
826 2545 931 2611 multa
945 2545 1033 2611 sedi·

54 2647 160 2712 tionis
184 2668 243 2710 ora
268 2669 451 2735 vocesque:
475 2671 536 2714 sua
561 2650 595 2713 in
624 2671 726 2713 manu
755 2651 855 2715 sitam
877 2673 947 2716 rem
968 2651 1032 2716 Ro·
1060 2667 1085 2708 2⁵

52 2772 201 2834 manam,
241 2752 308 2815 suis
341 2753 494 2818 victoriis
530 2755 647 2837 augeri
681 2775 751 2819 rem
782 2752 964 2838 publicam,
1000 2757 1034 2821 in

53 2875 152 2919 suum
174 2865 432 2937 cognomentum
455 2855 604 2921 adscisci
628 2859 856 2942 imperatores.

159 2954 212 3019 32.
233 2956 303 3022 Neo
325 2956 459 3042 legatus
477 2958 612 3024 obviam
635 2958 727 3025 ibat:
751 2962 873 3047 quippe
888 2961 1034 3047 plurium

53 3058 218 3124 vecordia
242 3062 471 3127 constantiam
490 3073 672 3129 exemerat.
700 3073 839 3148 repente
867 3063 1033 3151 lymphati
1100 3149 1103 3155 .

56 3160 230 3227 destrictis
254 3161 379 3246 gladiis
404 3165 438 3228 in
460 3166 673 3231 centuriones
697 3165 879 3232 invadunt:
914 3191 954 3232 ea
976 3190 1032 3232 ve·

56 3266 244 3331 tristissima
267 3265 470 3332 militaribus
495 3267 581 3334 odiis
610 3271 769 3333 materies
800 3280 833 3335 et
857 3270 1032 3337 saeviendi

55 3369 266 3454 principium.
282 3380 469 3455 prostratos
483 3371 679 3436 verberibus
695 3371 856 3456 mulcant,
869 3375 1032 3458 sexageni
1059 3391 1072 3433 s

57 3470 218 3558 singulos,
241 3482 277 3537 ut
311 3495 484 3539 numerum
517 3476 751 3540 centurionum
785 3475 1032 3563 adaequarent:

56 3587 124 3640 turn
147 3574 327 3642 convulsos
346 3575 558 3665 laniatosque
574 3588 608 3644 et
621 3579 746 3663 partim
762 3581 935 3644 exanimos
952 3590 1032 3646 ante
