2530 4084
249 313 296 366 ΑΒ
314 317 477 369 EXOESSU
494 317 654 370 AUGUSTI
671 319 722 371 111.
740 319 850 375 ‹tt-69.
975 321 1036 386 153

53 519 235 575 senatores
260 508 422 575 adversos
445 511 698 577 facundissimis
722 514 827 578 totius
850 512 954 578 Asiae
984 535 1038 578 eo-

52 635 116 698 que
141 613 192 678 ad
220 613 448 679 accusandum
478 615 618 682 delectis
643 617 861 702 responderet
892 616 980 682 solus
1006 627 1038 682 ct

53 717 179 783 orandi
213 721 364 800 nescius,
398 722 532 806 proprio
566 723 601 786 in
630 731 737 803 metu,
768 722 824 806 qui
855 723 1039 786 exercitam

52 844 190 908 quoque
216 821 441 908 eloquentiam
465 824 634 904 debilitat,
657 847 724 890 non
749 833 958 909 temperante
983 823 1038 888 Ti-

52 924 149 991 berio
177 927 257 1010 quin
280 937 445 1011 premeret
468 951 552 994 voce
575 929 680 1013 vultu,
705 928 850 1015 eoquod
873 931 945 1013 ipso
968 951 1038 994 cre·
1066 946 1091 985 1⁰

52 1026 205 1094 berrime
227 1030 476 1115 interrogabat,
504 1055 612 1119 neque
635 1033 788 1098 refellere
822 1042 880 1098 aut
905 1031 1038 1098 eludere

55 1131 224 1215 dabatur,
259 1154 299 1197 ac
340 1157 440 1221 saepe
474 1139 578 1202 etiam
612 1138 840 1203 confitendum
874 1147 961 1219 erat,
996 1160 1038 1202 ne

54 1236 187 1302 frustra
211 1239 443 1323 quaesivisset.
468 1262 581 1306 servos
606 1263 735 1327 quoque
759 1239 882 1324 Silani,
912 1251 949 1306 ut
971 1250 1038 1306 tor-

54 1343 182 1407 mentis
213 1342 517 1427 interrogarentur,
553 1355 649 1411 aetor
681 1344 835 1430 publicus
870 1347 1038 1430 mancipio

56 1454 250 1530 acceperat.
275 1455 308 1509 et
335 1468 377 1510 ne
401 1448 474 1531 quis
498 1450 764 1513 necessariorum
792 1451 924 1515 iuvaret
952 1452 1038 1535 peri·
1066 1465 1091 1505 1⁵

55 1547 246 1630 clitantem,
268 1551 458 1616 maiestatis
475 1552 616 1616 crimina
633 1551 874 1635 subdebantur,
891 1554 1040 1619 vinclum

58 1662 90 1716 et
113 1654 307 1718 necessitas
331 1653 463 1719 silendi.
502 1657 606 1738 igitur
627 1657 734 1741 petito
757 1677 941 1741 paucorum
970 1657 1038 1722 die-

57 1781 134 1823 rum
156 1760 338 1824 interiectu
363 1758 591 1824 defensionem
616 1761 667 1824 sui
692 1759 855 1844 deseruit,
878 1761 970 1824 ausis
994 1760 1040 1825 ad

58 1859 246 1927 Caesarem
280 1860 457 1945 codicillis,
492 1862 611 1948 quibus
646 1862 810 1928 invidiam
850 1873 884 1928 et
920 1885 1038 1949 preces

57 1965 254 2046 miscuerat.
1067 1985 1093 2026 ro

165 2043 216 2132 6'8.
240 2068 393 2135 Tiberius
427 2077 514 2155 quae
543 2072 577 2134 in
607 2069 757 2135 Silanum
784 2071 944 2157 parabat,
975 2093 1038 2156 quo

59 2174 257 2238 excusatius
281 2172 343 2239 sub
365 2172 516 2258 exemplo
540 2175 790 2258 acciperentur,
812 2174 944 2240 libellos
970 2175 1040 2239 divi

59 2277 210 2361 Augusti
233 2275 274 2340 de
286 2275 409 2341 Voleso
425 2275 586 2341 Messalla
603 2277 752 2341 eiusdem
767 2278 871 2342 Asiae
886 2300 946 2364 pro
962 2301 1039 2343 con·

60 2379 134 2444 sule
156 2379 347 2465 factumque
370 2381 404 2443 in
429 2402 503 2444 eum
530 2389 667 2445 senatus
691 2380 880 2447 consultum
902 2384 1041 2446 recitari

60 2484 164 2549 iubet.
182 2493 253 2548 tum
263 2483 303 2548 L.
316 2484 472 2549 Pisonem
488 2486 691 2549 sententiam
706 2494 815 2568 rogat.
833 2482 889 2548 ille
901 2484 1042 2550 multum
1068 2507 1080 2547 s

61 2589 103 2654 de
119 2587 300 2654 clementia
315 2589 477 2674 principis
492 2589 665 2673 praefatus
682 2609 769 2672 aqua
786 2595 887 2672 atque
902 2589 974 2670 igni
991 2586 1041 2652 Si·

59 2692 140 2757 lano
169 2691 440 2757 interdicendum
468 2693 599 2757 censuit
630 2689 804 2778 ipsumque
833 2692 867 2755 in
897 2689 1042 2755 insulam

61 2794 215 2881 Gyarum
236 2792 465 2877 relegandum.
491 2794 608 2859 eadem
637 2795 756 2875 ceteri,
779 2794 846 2858 nisi
869 2792 958 2878 quod
981 2791 1041 2857 Cn.

60 2897 227 2964 Lentulus
258 2897 446 2983 separanda
471 2895 578 2962 Silani
606 2907 759 2962 materna
787 2895 894 2979 bona,
922 2899 1042 2983 quippe

61 3002 144 3068 Atia
167 3009 307 3088 parente
335 3002 456 3084 geniti,
491 2999 730 3085 reddendaque
757 2998 825 3064 filio
850 2998 954 3083 dixit,
984 2999 1041 3064 ad·
1071 3023 1095 3062 ιο

63 3116 187 3172 nuente
210 3103 357 3169 Tiberio,

166 3205 218 3271 69.
242 3207 289 3272 At
312 3205 488 3272 Cornelius
504 3206 686 3277 Dolabella
712 3206 790 3272 dum
813 3205 1043 3272 adulationem

9 3339 10 3342 ¹
65 3313 198 3397 longius
223 3312 389 3398 sequitur,
413 3311 587 3396 increpitis
611 3308 647 3374 Ο.
672 3307 781 3374 Silani
804 3309 953 3374 moribus
984 3307 1042 3373 ad-

9 3445 11 3480 r
67 3417 168 3500 didit,
203 3437 245 3479 ne
275 3415 350 3501 quis
373 3416 445 3479 vita
468 3413 650 3499 probrosus
682 3421 714 3476 et
739 3422 873 3498 opertus
904 3412 1042 3477 infamia

9 3528 10 3584 ἐ
67 3520 275 3608 provinciam
297 3519 490 3603 sortiretur,
518 3517 619 3603 idque
641 3517 796 3602 princeps
826 3514 1039 3580 diiudicaret.

67 3646 185 3690 name
214 3620 346 3706 legibus
376 3620 501 3686 delicta
524 3621 650 3705 puniri:
679 3628 805 3705 quanto
828 3619 900 3683 fore
927 3620 1041 3684 mitius
1081 3638 1092 3675 ⁵
