2500 4084
215 297 280 362 224
548 298 722 348 couuunu
740 297 861 348 stessi

159 505 184 544 10
211 487 363 554 Curtium
378 486 530 554 Atticum
546 497 767 574 oppresserat.
792 509 856 573 quo
872 485 994 552 laetius
1011 496 1203 572 acceptum

212 616 273 658 sua
296 592 451 678 exempla
475 594 509 656 iu
533 591 741 657 consultores
764 591 937 657 recidisse.

311 696 376 760 Per
397 695 486 760 idem
508 704 638 780 tempus
660 694 701 759 L.
724 694 801 759 Piso
825 694 994 780 pontifex,
1018 718 1128 762 rarum
1159 698 1202 760 in

209 808 307 864 tanta
324 797 536 882 claritudine,
559 798 630 864 fato
648 796 741 880 obiit,
757 798 881 863 nullius
900 798 1033 863 servilis
1057 810 1201 865 senten·

210 905 279 969 tiae
297 909 414 988 sponte
430 913 558 984 auctor,
583 911 616 966 et
631 904 785 988 quotiens
801 903 988 967 necessitas
1006 903 1199 986 ingrueret,

157 1022 184 1062 1⁶
210 1007 380 1092 sapienter
413 1005 603 1070 moderans.
648 1015 792 1090 patrem'
807 1007 837 1070 ei
867 1008 1058 1071 censorium
1086 1007 1198 1071 firisse

208 1111 407 1192 memoravi3
430 1119 526 1174 aetas
550 1108 596 1174 ad
619 1111 884 1192 octogensimum
908 1132 1033 1175 aunum
1055 1132 1196 1196 proces-

210 1215 269 1296 sit3
295 1212 397 1277 decus
419 1210 623 1298 triumphale
652 1213 686 1276 in
709 1211 877 1277 Thraecia
904 1224 1083 1278 meruerat.
1127 1213 1195 1278 sed

208 1317 391 1402 praecipua
408 1337 505 1380 exeo
523 1315 642 1399 gloria,
667 1314 754 1402 quod
770 1316 960 1401 praefectus
977 1315 1054 1381 urbi
1070 1339 1193 1382 recens

210 1420 405 1484 continuam
427 1429 632 1503 potestatem
656 1428 688 1483 et
713 1418 893 1484 insolentia
909 1419 1052 1504 parendi
1076 1423 1187 1504 gravi-

156 1538 183 1576 20
210 1544 300 1587 orem
323 1523 406 1586 mire
429 1523 641 1606 temperavit.

316 1624 366 1690 ll.
389 1625 540 1711 Namque
557 1635 670 1710 antea,
692 1627 853 1712 profectis
878 1625 974 1691 domo
991 1627 1129 1711 regibus
1146 1651 1186 1692 ac

209 1754 288 1796 mox
311 1729 579 1813 magistratibus,
604 1753 646 1795 ne
668 1729 749 1796 urbs
773 1733 846 1796 sine
868 1733 1009 1818 imperio
1032 1731 1129 1815 foret,
1152 1733 1184 1794 iu

210 1845 338 1919 tempus
375 1833 598 1917 deligebatur,
633 1836 689 1920 qui
719 1836 770 1899 ius
801 1833 960 1899 redderet
994 1855 1036 1898 ac
1067 1833 1183 1899 subitis

208 1940 416 2023 mederetur3
446 1939 622 2024 feruntque
651 1938 696 2003 ab
718 1937 858 2004 Romulo
881 1938 1045 2003 Dentrem
1066 1939 1184 2003 Romu·

168 2067 181 2106 ⁵
208 2042 305 2122 lium,
334 2052 411 2128 post
439 2040 483 2106 ab
506 2040 603 2105 Tullo
628 2040 775 2106 Hostilio
797 2041 941 2106 Numam
963 2040 1130 2108 Marcium
1151 2050 1184 2105 et

209 2145 252 2210 ab
275 2145 458 2232 Tarquinio
483 2141 631 2230 Superbo
656 2141 812 2229 Spurium
839 2145 1035 2209 Lucretium
1064 2145 1184 2232 inposi-

210 2260 272 2315 tos.
308 2249 385 2314 dein
408 2246 562 2313 consules
591 2246 818 2331 mandabant3
851 2243 1016 2334 duratque
1051 2247 1184 2314 simula-

209 2373 317 2434 crum,
353 2352 505 2437 quotieus
530 2351 572 2415 ob
595 2350 698 2414 ferias
721 2349 866 2415 Latinas
899 2351 1098 2436 praeficitur
1131 2352 1183 2438 qui

208 2453 385 2519 consulare
408 2476 527 2519 munus
550 2463 697 2539 usurpet.
721 2462 868 2519 ceterum
890 2452 1065 2538 Augustus
1089 2454 1186 2520 bellis

148 2580 176 2620 ro
211 2556 368 2623 civilibus
403 2556 549 2623 Cilnium
583 2557 818 2623 Maecenatem
858 2557 1022 2644 equestris
1058 2557 1186 2623 ordinis

209 2662 339 2727 cunctis
374 2660 464 2746 apud
497 2661 637 2725 Romam
672 2669 772 2746 atque
806 2659 944 2726 Italiam
976 2664 1188 2748 praeposuit:

208 2777 286 2830 mox
317 2787 427 2829 rerum
459 2765 585 2849 potitus
621 2763 663 2830 ob
696 2763 964 2846 magnitudinem
996 2765 1114 2850 populi
1149 2787 1187 2830 ac

207 2867 308 2932 tarda
343 2866 455 2950 legum
488 2865 617 2931 auxilia
651 2868 792 2952 sumpsit
820 2891 838 2932 e
867 2867 1104 2933 consideribus
1132 2870 1187 2955 qni

209 2980 381 3036 coerceret
411 2971 549 3034 servitia
579 2981 613 3035 et
636 2971 725 3057 quod
752 2972 878 3036 civium
905 2971 1050 3036 audacia
1082 2972 1187 3037 turbi-

158 3091 183 3131 1⁵
210 3077 304 3157 dum,
331 3075 398 3140 nisi
427 3074 494 3138 vim
524 3083 662 3140 metuat.
706 3075 899 3160 primusque
921 3072 1084 3139 Messalla
1109 3073 1187 3141 Cor-

209 3180 307 3244 vinus
331 3201 406 3243 eam
427 3185 630 3263 potestatem
661 3186 693 3241 et
721 3199 847 3262 paucos
871 3179 961 3243 iutra
992 3176 1063 3242 dies
1088 3179 1185 3243 finem

210 3283 351 3366 accepit,
374 3283 471 3366 quasi
494 3283 627 3346 nescius
651 3280 848 3363 exercendi3
871 3283 943 3344 tum
961 3278 1093 3344 Taurus
1111 3279 1185 3346 Sta·

209 3385 313 3464 tilius,
338 3405 538 3470 quamquam
560 3393 722 3468 provecta
745 3393 874 3466 aetate,
903 3383 1040 3466 egregie
1062 3382 1184 3448 tolera·

210 3487 277 3568 vit,
315 3485 392 3549 dein
416 3485 493 3548 Piso
524 3486 714 3570 quindecim
742 3509 802 3572 per
832 3508 937 3551 annos
960 3488 1091 3572 pariter
1113 3509 1183 3572 pro·
