2500 4084
221 336 284 400 228
549 339 722 392 scarnen
740 341 862 392 rscrrr

220 530 383 616 bonisque
399 553 512 596 eorum
528 531 712 598 divenditis
737 535 908 617 signatum
923 542 1103 617 argentum
1118 535 1208 600 fisco

220 633 274 698 vel
297 636 428 700 aerario
452 634 671 701 attinebatur.
695 636 741 701 ad
763 636 827 703 hoe
851 647 987 702 senatus
1011 641 1208 723 praescrip·

182 754 194 794 ⁵
222 747 328 822 serat,
358 737 442 804 duas
473 741 611 825 quisque
640 741 787 806 faenoris
815 751 930 826 partes
959 742 994 806 in
1025 744 1118 825 agris
1143 765 1209 827 per

221 840 356 906 italiam
379 841 583 908 conlocaret.
622 843 683 908 sed
706 844 889 910 creditores
915 847 948 909 in
973 844 1118 910 solidum
1144 868 1207 930 ap·

221 944 411 1030 pellebant,
444 969 506 1010 nec
531 946 688 1011 decorum
712 947 892 1032 appellatis
915 950 1068 1014 minuere
1090 949 1205 1014 fidem.

221 1052 269 1115 ita
292 1051 398 1135 primo
416 1053 629 1116 concursatio
647 1060 680 1114 et
696 1071 823 1135 preces,
841 1051 918 1116 dein
937 1061 1089 1137 strepere
1104 1076 1205 1138 prae·

221 1154 302 1219 toris
327 1153 487 1237 tribunal,
511 1175 617 1240 eaque
640 1175 726 1239 quae
750 1155 896 1219 remedio
920 1157 1096 1240 quaesita,
1120 1180 1203 1220 ven·

170 1278 194 1316 10
221 1256 304 1322 ditio
329 1266 362 1321 et
386 1259 519 1343 emptio,
544 1258 578 1321 in
601 1259 809 1323 contrarium
824 1260 958 1341 mutari,
982 1260 1064 1344 quia
1087 1261 1201 1325 faene-

220 1370 349 1426 ratores
381 1382 510 1426 omnem
539 1363 717 1446 pecuniam
745 1361 936 1426 mercandis
966 1364 1060 1444 agris
1084 1363 1201 1428 condi-

222 1465 351 1531 derant.
397 1467 528 1550 copiam
556 1464 727 1530 vendendi
757 1474 874 1529 secuta
897 1465 1048 1548 vilitate,
1073 1476 1199 1552 quanto

221 1572 295 1655 quis
331 1570 543 1653 obaeratior,
578 1571 713 1652 aegrius
749 1568 1003 1652 distrahebant,
1038 1570 1200 1656 multique

221 1675 364 1739 fortunis
408 1673 709 1758 provolvebantur,
753 1675 882 1739 eversio
925 1675 974 1738 rei
1019 1674 1198 1738 familiaris

172 1793 195 1832 ι5
222 1778 423 1861 dignitatem
446 1799 486 1841 ac
510 1778 635 1842 famam
656 1797 818 1862 praeceps
844 1776 965 1859 dabat,
990 1776 1099 1844 donec
1122 1777 1199 1843 tulit

221 1903 316 1966 opem
339 1878 466 1945 Caesar
491 1880 654 1965 disposito
677 1903 738 1966 per
760 1903 895 1945 mensas
920 1880 1053 1946 miliens
1078 1893 1197 1947 sester-

221 1987 268 2051 tio
291 1985 449 2071 factaque
472 1984 647 2050 mutuandi
663 1986 761 2070 copia
783 1985 856 2049 sine
878 1985 989 2049 usuris
1012 2006 1074 2070 per
1098 1985 1197 2050 trien-

221 2091 321 2172 nium,
345 2092 373 2154 si
398 2089 530 2153 debitor
552 2090 674 2174 populo
699 2090 733 2153 in
757 2087 893 2174 duplum
916 2088 1065 2174 praediis
1089 2090 1196 2154 cavis·

221 2202 281 2256 set.
306 2194 353 2258 sic
378 2193 506 2258 refecta
528 2191 629 2274 fides,
659 2202 693 2257 et
715 2191 881 2277 paulatim
910 2193 1036 2278 privati
1069 2214 1196 2277 quoque

168 2313 194 2352 20
220 2297 405 2361 creditores
430 2297 565 2381 reperti.
589 2317 697 2380 neque
721 2297 843 2380 emptio
867 2316 1023 2379 agrorum
1048 2297 1196 2360 exercita

220 2400 265 2465 ad
302 2401 442 2465 formam
479 2409 616 2465 senatus
651 2398 813 2482 consulti,
848 2398 994 2482 acribus,
1025 2408 1063 2464 ut
1097 2399 1197 2464 ferme

219 2505 315 2589 talia,
338 2506 456 2588 initiis,
480 2506 649 2570 incurioso
672 2504 748 2568 fine.

325 2607 373 2674 18.
408 2608 496 2674 Dein
535 2608 678 2674 redeunt
715 2609 843 2692 priores
881 2615 988 2672 metus
1026 2606 1196 2691 postulato

220 2714 409 2778 maiestatis
426 2710 587 2777 Considio
603 2710 756 2792 Proculo,
780 2711 836 2794 qui
860 2709 951 2774 nullo
967 2731 1096 2795 pavore
1114 2710 1196 2774 diem

220 2816 369 2883 natalem
406 2815 582 2882 celebrans
620 2826 737 2901 raptus
773 2817 807 2879 in
841 2815 969 2880 curiam
1002 2815 1194 2899 pariterque

221 2921 397 2986 damnatus
423 2920 685 3005 interfectusque
710 2929 771 2984 est.
818 2919 924 2984 sorori
957 2918 1026 2983 eius
1053 2915 1197 2984 Sanciae

180 3067 192 3103 a
221 3046 308 3109 aqua
338 3033 439 3109 atque
474 3025 545 3107 igni
576 3022 796 3088 interdictum
825 3030 1008 3089 accusante
1039 3020 1080 3102 Q.
1105 3022 1196 3088 Pom·

220 3129 330 3212 penio.
355 3129 383 3191 is
407 3126 555 3193 moribus
580 3128 711 3212 inquies
733 3127 819 3191 haec
843 3135 877 3190 et
899 3124 1040 3190 huiusce
1062 3125 1195 3192 modia

221 3255 255 3295 se
278 3232 430 3295 factitari
452 3231 709 3316 praetendebat,
733 3240 771 3296 ut
792 3239 891 3315 parta
909 3227 998 3315 apud
1013 3229 1197 3315 principem

221 3336 333 3418 grstia
356 3335 513 3419 periculis
538 3335 710 3420 Pomponii
735 3332 882 3399 Secundi
905 3333 1020 3397 fratris
1049 3331 1196 3398 medere·

222 3447 285 3501 tur.
310 3438 412 3500 etiam
428 3439 461 3500 in
478 3437 670 3526 Pompeiam
685 3436 875 3502 Macrinam
898 3433 1056 3502 exsilium
1080 3437 1196 3501 statui·

172 3587 196 3624 ,0
224 3548 287 3620 tur,
313 3541 407 3603 cuius
429 3542 587 3604 maritum
609 3538 822 3623 Argolicum,
853 3559 1007 3604 socerum
1028 3537 1196 3604 Laconem

224 3662 241 3702 e
265 3642 465 3726 primoribus
490 3641 700 3707 Achaeorum
724 3640 852 3708 Caesar
875 3641 1067 3709 adflixerat.
1102 3654 1194 3728 peter
