2530 4084
235 363 298 430 166
563 365 736 420 uonnnnn
755 359 877 417 mun

231 557 338 622 forma
368 578 467 623 carus
500 557 633 624 domino
665 560 817 644 interque
846 559 1009 643 primores
1039 558 1213 624 ministros

232 669 320 743 erat3
357 658 478 725 deinde
512 662 600 725 inter
634 661 788 726 conscios
822 659 881 724 ubi
924 660 1020 725 locus
1055 661 1211 726 veneficii

230 773 426 850 tempusque
450 767 624 850 conposita
649 765 727 847 sint,
752 786 790 829 eo
814 763 981 830 audaciae
1002 774 1211 852 provectum,

182 882 206 922 1⁰
231 877 267 933 ut
297 878 445 933 verteret
481 877 513 932 et
544 867 675 934 occulto
705 866 832 933 indicio
855 867 1003 934 Drusum
1024 869 1153 934 veneni
1182 870 1212 931 in

229 981 359 1056 patrem
375 993 521 1056 arguens
539 979 689 1037 moueret
705 970 888 1055 Tiberium,
911 971 1092 1037 vitandam
1106 974 1212 1058 potio·

229 1098 315 1159 nem,
339 1098 424 1162 quae
440 1077 549 1162 prima
573 1077 604 1140 ei
621 1075 712 1162 apud
726 1075 832 1141 filium
849 1075 999 1161 epulanti
1023 1075 1211 1141 offerretur.

230 1201 270 1243 ea
303 1179 423 1244 fraude
463 1189 598 1266 captum
633 1201 761 1261 senem,
795 1189 975 1266 postquam
1014 1180 1211 1244 convivium

229 1285 362 1366 inierat,
387 1295 566 1370 exceptum
580 1283 736 1369 poculum
750 1283 863 1348 Druso
880 1282 1086 1367 tradidisse,
1111 1292 1211 1369 atque

177 1397 202 1436 1⁶
229 1385 287 1451 illo
312 1387 431 1470 ignaro
456 1397 489 1452 et
514 1385 706 1452 iuveniliter
728 1386 905 1452 hauriente
934 1395 1070 1450 auctam
1105 1386 1210 1470 suspi-

228 1491 374 1571 cionem,
409 1500 581 1575 tamquam
610 1499 702 1554 metu
732 1500 764 1555 et
796 1491 923 1577 pudore
955 1489 1092 1555 sibimet
1124 1492 1209 1554 inro-

229 1603 327 1676 garet
349 1605 500 1676 mortem,
525 1616 623 1680 quam
645 1595 736 1678 patri
760 1603 942 1659 struxerat.

332 1695 380 1759 11.
405 1697 501 1762 Haec
524 1697 626 1781 vulgo
650 1699 781 1762 iactata
805 1719 904 1783 super
928 1698 971 1784 id,
1002 1698 1093 1785 quod
1117 1697 1208 1762 nullo

227 1812 364 1866 auctore
388 1812 479 1866 certo
502 1802 688 1883 firmantur,
711 1811 864 1888 prompte
886 1803 1103 1868 refutaveris,
1134 1803 1206 1888 quis

226 1907 315 1970 cuim
346 1904 507 1970 mediocri
537 1904 732 1991 prudentia,
761 1905 885 1971 nedum
912 1906 1069 1971 Tiberius
1102 1907 1207 1970 tantis

225 2008 326 2074 rebus
362 2011 546 2092 exercitus,
590 2008 742 2073 inaudito
775 2009 845 2074 filio
886 2011 1027 2074 exitium
1063 2009 1207 2088 offerret,

186 2135 199 2174 s
225 2112 325 2198 idque
343 2135 403 2177 sua
419 2135 520 2177 manu
544 2121 576 2176 et
593 2111 687 2177 nullo
704 2112 750 2177 ad
764 2112 1008 2198 paenitendum
1023 2111 1207 2196 regressu?

225 2219 305 2303 quin
328 2217 438 2301 potius
467 2216 656 2280 ministrum
678 2217 800 2279 veneni
829 2209 1056 2300 excruciaret,
1091 2225 1206 2281 auoto-

224 2343 295 2384 rem
318 2321 519 2406 exquireret,
543 2319 647 2384 insita
672 2318 814 2404 denique
839 2321 940 2383 etiam
964 2321 998 2383 in
1022 2328 1205 2385 extraneos

225 2425 442 2490 cunctatione
472 2434 504 2489 et
534 2445 627 2488 mora
651 2422 831 2489 adversum
857 2425 994 2489 unicum
1022 2433 1056 2488 et
1077 2423 1204 2488 nullius

224 2538 305 2593 ante
326 2528 450 2613 flagitii
473 2537 669 2613 conpertum
683 2527 856 2592 uteretur?
881 2526 939 2592 sed
963 2529 1042 2612 quia
1060 2525 1205 2592 Seianus

173 2654 197 2692 ιο
224 2631 411 2696 facinorum
442 2632 587 2696 omnium
615 2640 767 2716 repertor
793 2628 997 2710 habebatur,
1023 2651 1066 2694 ex
1101 2631 1205 2694 nimia

223 2736 368 2801 caritate
386 2737 418 2800 in
441 2757 515 2799 eum
530 2731 687 2798 Caesaris
711 2743 745 2798 et
767 2742 954 2798 ceterorum
977 2735 1011 2797 in
1028 2742 1204 2820 utrumque
1245 2787 1246 2824 ,

224 2838 301 2905 odio
336 2840 488 2926 quamvis
523 2836 678 2901 fabulosa
708 2847 740 2902 et
771 2839 930 2902 immania
964 2833 1202 2919 credebantur,

224 2944 392 3008 atrociore
424 2963 553 3027 semper
581 2941 672 3004 fama
701 2960 781 3024 erga
812 2940 1056 3006 dominantium
1080 2942 1202 3006 exitus.

225 3045 307 3111 ordo
336 3045 462 3132 alioqui
492 3044 629 3110 sceleris
658 3066 718 3130 per
740 3044 922 3130 Apicatam
945 3041 1061 3109 Seiani
1089 3043 1201 3130 prodi-

171 3172 196 3211 re
222 3159 292 3232 tus,
327 3149 505 3214 tormentis
534 3145 677 3213 Eudemi
706 3169 745 3211 ac
774 3147 889 3232 Lygdi
917 3147 1111 3233 patefactus
1142 3157 1201 3212 est.

221 3275 328 3339 neque
356 3254 532 3339 quisquam
557 3251 701 3335 scriptor
724 3260 795 3314 tam
818 3250 969 3315 infensus
994 3251 1142 3334 exstitit,
1165 3259 1199 3314 ut

221 3355 356 3420 Tiberio
374 3354 570 3436 oblectaret,
587 3375 662 3418 cum
678 3355 788 3418 omnia
805 3353 874 3418 alia
890 3355 1130 3440 conquirerent
1152 3355 1199 3418 in-

223 3454 474 3540 tenderentque.
518 3455 599 3519 mihi
622 3454 780 3520 tradendi
804 3456 1035 3543 arguendique
1057 3459 1198 3522 rumoris

223 3575 327 3619 causa
349 3556 424 3639 fuit,
446 3565 485 3619 ut
500 3555 591 3619 claro
616 3555 677 3621 sub
702 3544 855 3643 exemplo
878 3558 984 3624 falsas
1007 3559 1198 3626 auditiones
1245 3581 1246 3644 q

174 3672 199 3712 20
227 3653 427 3738 depellerem
449 3665 661 3741 peteremque
685 3656 729 3722 ab
762 3661 821 3742 iis,
852 3683 990 3746 quorum
1018 3665 1052 3727 in
1081 3685 1198 3728 manus
1245 3691 1246 3750 q
