2530 4084
225 329 285 394 116
549 328 722 380 CORNELII
741 329 862 379 rocrn

182 520 350 587 sindices
381 529 413 584 et
443 527 547 585 testes
581 518 743 584 mandata
774 515 969 585 Germanici
997 517 1182 604 perlaturos.

221 624 278 689 ille
294 623 434 688 dimissa
451 624 521 687 eius
538 643 662 687 causae
680 621 859 704 delatione,
875 632 912 687 ut
932 625 1077 709 priorem
1090 624 1187 688 vitam

221 736 397 794 accusaret
428 726 588 808 obtinuit,
616 727 822 812 petitumque
849 737 900 791 est
923 749 944 790 a
966 728 1119 812 principe
1141 748 1188 790 co-

222 833 407 916 gnitionem
430 831 618 916 exciperet.
636 830 725 914 quod
748 853 889 896 nereus
913 831 1050 916 quidem
1073 829 1190 896 abnue·

221 936 302 1018 bat,
331 934 444 999 studia
477 934 590 1019 populi
631 944 663 998 et
696 943 830 1018 patrum
863 945 1032 999 metuens:
1078 944 1190 1000 contra

168 1058 193 1095 ¹0
220 1039 392 1103 Tiberium
425 1037 624 1123 spernendis
655 1036 844 1102 rumoribus
874 1037 1026 1103 validum
1057 1047 1090 1102 et
1121 1061 1190 1104 con-

222 1143 385 1207 scientiae
418 1142 536 1205 matris
572 1141 732 1205 innexum
767 1161 857 1224 esse3
890 1163 1041 1227 veraque
1072 1151 1133 1208 aut
1163 1144 1191 1206 in

222 1247 366 1311 deterius
396 1244 525 1309 credita
560 1243 672 1308 iudice
700 1242 743 1308 ab
772 1265 838 1308 uno
872 1243 1009 1308 facilius
1038 1244 1192 1328 discerni,

221 1350 333 1415 odium
356 1357 388 1413 et
411 1348 574 1413 invidiam
597 1347 686 1433 apud
700 1347 824 1412 multos
840 1346 964 1412 valere.
987 1347 1081 1414 haud
1104 1348 1193 1415 falle·

220 1454 279 1519 bat
303 1451 473 1518 Tiberium
496 1451 600 1516 moles
625 1451 828 1536 cognitionis
857 1473 988 1538 quaque
1012 1454 1085 1538 ipse
1109 1454 1193 1518 fama

169 1573 193 1612 1⁵
222 1556 472 1642 distraheretur.
507 1557 610 1639 igitur
638 1557 755 1641 paucis
785 1555 1002 1620 familiarium
1033 1556 1193 1622 adhibitis

219 1662 328 1725 minas
352 1659 586 1724 accusantium
611 1667 643 1723 et
667 1659 744 1724 hinc
760 1681 879 1743 preces
893 1659 989 1724 audit
1012 1660 1193 1744 integram·

220 1787 283 1852 que
307 1785 444 1830 causam
468 1763 512 1828 ad
536 1771 690 1828 senatum
711 1763 863 1826 remittit.

327 1866 373 1931 ll.
405 1866 516 1952 Atque
549 1868 684 1932 interim
712 1865 843 1930 Drusus
878 1865 1012 1931 rediens
1047 1866 1192 1953 Illyrico,

220 1992 420 2058 quamquam
442 1981 556 2057 patres
579 1971 791 2035 censuissent
821 1968 863 2034 ob
892 1978 1065 2056 receptum
1087 1971 1192 2037 Maro·

212 2074 365 2141 boduum
399 2084 433 2140 et
465 2097 519 2139 res
552 2075 665 2159 priore
699 2081 832 2138 aestate
867 2083 981 2156 gestas
1017 2084 1055 2139 ut
1090 2097 1190 2140 ovans

220 2179 336 2259 iniret,
359 2176 491 2263 prolato
519 2176 645 2241 honore
668 2175 785 2241 urbem
813 2177 965 2244 intravit.
998 2187 1077 2262 post
1112 2200 1191 2265 quac

180 2313 192 2351 o
218 2303 275 2346 reo
297 2279 337 2346 L.
361 2279 576 2359 Arruntium,
599 2281 635 2344 P.
658 2280 839 2362 Vinicium,
869 2278 1026 2347 Asinium
1049 2279 1189 2361 Gallum,

219 2384 442 2450 Aeserninum
469 2383 682 2468 Marcellum,
711 2382 788 2449 Sex.
811 2383 1005 2469 Pompeium
1033 2394 1189 2470 patronos

219 2490 349 2576 petenti
378 2489 486 2575 iisque
516 2487 652 2552 diversa
688 2477 930 2552 excusantibus
958 2485 1014 2552 Μ’.
1044 2487 1189 2574 Lepidus

221 2601 254 2657 et
276 2592 316 2657 L.
340 2593 417 2658 Piso
442 2600 475 2655 et
496 2590 671 2656 Livineius
694 2589 841 2673 Regulus
871 2589 1026 2674 adfuere,
1055 2590 1188 2657 adrecta

224 2697 311 2763 omni
353 2697 506 2778 civitate,
544 2704 672 2780 quanta
710 2694 794 2759 fides
836 2695 954 2760 amicis
989 2692 1187 2774 Germanioi,

169 2835 194 2872 10
224 2821 309 2886 quae
342 2797 467 2864 fiducia
501 2819 575 2881 reo,
619 2797 709 2863 satin
749 2796 921 2863 cohiberet
954 2820 994 2864 ac
1028 2805 1187 2885 premeret

220 2925 336 2968 sensus
361 2924 436 2967 suos
454 2901 618 2967 Tiberius.
640 2900 733 2967 haud
755 2901 841 2966 alias
865 2903 1028 2969 intentior
1051 2903 1183 2989 populus

218 3005 292 3092 plus
317 3006 382 3072 sibi
416 3008 451 3071 in
482 3007 668 3093 principem
697 3006 850 3072 occultae
879 3008 971 3071 vocis
1001 3015 1060 3071 aut
1090 3006 1184 3093 suspi-

218 3113 311 3176 cacis
335 3109 460 3176 silentii
481 3110 643 3195 permisit.

326 3211 376 3277 12.
410 3213 475 3278 Die
510 3222 647 3279 senatus
682 3211 810 3278 Caesar
849 3216 1035 3279 orationem
1076 3214 1181 3282 habuit

218 3315 382 3384 meditato
405 3326 679 3403 temperamento.
712 3320 821 3402 patris
845 3319 897 3382 sui
919 3317 1070 3402 legatum
1095 3331 1180 3404 atquo

221 3421 363 3484 amicum
394 3419 551 3485 Pisonem
578 3420 682 3485 fuisse
712 3420 964 3508 adiutoremque
993 3419 1179 3487 Germanico

223 3521 338 3586 datum
360 3544 380 3586 a
404 3543 440 3586 se
463 3532 601 3589 auctore
629 3532 750 3588 senatu
778 3523 879 3590 rebus
909 3523 999 3611 apud
1022 3523 1180 3591 Orientem

187 3653 200 3693 5
227 3619 515 3686 administrandis.
549 3622 619 3688 illic
648 3627 861 3691 contumacia
892 3636 924 3692 et
954 3627 1179 3694 certaminibus
