2552 4084
228 280 269 346 46
561 278 734 334 couunuu
752 279 873 330 morri
929 331 933 342 ,

228 471 368 540 vallium
401 494 442 538 ac
475 470 675 538 resultantis
710 469 818 536 saltus
854 469 1078 556 complerent,
1115 471 1212 558 apud

226 577 395 643 Romanos
419 575 560 642 invalidi
584 577 699 659 ignes,
723 575 931 660 interruptae
953 595 1073 657 voces,
1104 583 1212 662 atque

191 708 204 748 5
230 683 294 766 ipsi
318 681 445 766 passim
468 680 666 745 adiacerent
689 677 790 758 vallo,
816 676 1013 742 oberrarent
1036 681 1211 761 tentoriis,

228 786 396 848 insomnes
421 785 529 866 magis
553 803 653 867 quarn
668 780 860 867 pervigiles.
886 780 1068 867 ducemque
1084 784 1211 848 terruit

230 888 303 953 dira
336 888 447 974 quies:
476 909 555 951 nam
578 884 776 967 Quintilium
800 883 928 950 Varum
957 887 1125 969 sanguine
1149 885 1209 950 ob-

227 990 324 1056 litum
346 1000 381 1056 et
395 989 576 1077 paludibus
593 1010 756 1055 emersum
771 1010 910 1056 eernere
927 996 960 1053 et
976 989 1094 1054 audire
1109 989 1209 1054 visus

229 1103 280 1160 est
296 1094 394 1160 velut
418 1103 613 1176 vocantem,
642 1115 708 1159 non
731 1102 846 1159 tamen
868 1091 1048 1158 obsecutus
1079 1100 1112 1157 et
1135 1115 1209 1156 ma·

177 1225 202 1263 ιο
227 1220 291 1264 nus
314 1198 546 1265 intendentem
568 1196 763 1283 reppulisse.
786 1205 907 1282 coepta
931 1195 1006 1260 luce
1021 1197 1147 1262 missae
1171 1197 1208 1261 in

228 1300 337 1366 latera
360 1300 521 1384 legiones,
545 1310 636 1366 metu
660 1322 703 1364 an
726 1301 951 1383 contumacia,
975 1299 1086 1364 locum
1109 1297 1209 1366 dese·

228 1427 335 1487 ruere,
359 1413 458 1490 capto
482 1426 622 1490 propere
644 1425 762 1490 campo
786 1406 937 1469 umentia
960 1403 1061 1469 ultra.
1094 1425 1208 1490 neque

228 1519 340 1573 tamen
363 1507 536 1573 Arminius
561 1529 763 1593 quamquam
790 1507 897 1573 libero
921 1509 1058 1574 incursu
1088 1509 1208 1572 statim

228 1611 393 1697 prorupit:
423 1611 484 1676 sed
506 1621 543 1675 ut
571 1611 712 1676 haesere
735 1633 840 1677 caeno
870 1611 1036 1697 fossisque
1064 1610 1208 1698 impedi-

177 1741 202 1781 15
228 1723 355 1798 menta,
378 1713 506 1779 turbati
530 1715 656 1779 circum
678 1713 819 1797 milites,
853 1717 1002 1780 incertus
1032 1717 1207 1799 signorum
1264 1729 1265 1736 ’

228 1817 328 1900 ordo,
352 1827 454 1904 utque
477 1817 539 1884 tali
562 1819 597 1882 in
620 1829 768 1904 tempore
792 1817 857 1884 sibi
880 1820 1020 1904 quisque
1042 1841 1206 1905 properus

228 1933 260 1985 et
284 1921 397 1988 lentae
414 1921 594 1988 adversum
616 1924 757 2009 imperia
781 1943 890 2000 aures,
913 1923 1103 2008 inrumpere
1120 1919 1206 1987 Ger-

226 2048 344 2090 manos
367 2025 469 2110 iubet,
486 2025 666 2092 clamitans
684 2024 740 2091 ‘en
756 2026 867 2091 Varus
885 2026 1066 2112 eodemque
1085 2027 1208 2091 iterum

227 2131 297 2194 fato
320 2131 455 2195 vinctae
478 2127 652 2214 legionesi
677 2129 775 2196 simul
798 2130 883 2196 haec
906 2139 940 2194 ct
963 2152 1038 2196 cum
1061 2129 1206 2196 delectis

175 2260 200 2298 ro
229 2232 355 2298 scindit
385 2253 506 2316 agmen
536 2236 695 2320 equisque
723 2235 870 2299 maxime
892 2232 1035 2298 vulnera
1066 2235 1205 2318 ingerit.

227 2333 278 2401 illi
302 2337 468 2420 sanguine
484 2359 543 2401 suo
569 2347 601 2402 et
617 2336 749 2404 lubrico
772 2336 933 2424 paludum
949 2327 1123 2423 lapsantes
1149 2361 1206 2402 ex-

227 2441 336 2506 cussis
351 2440 539 2506 rectoribus
556 2441 702 2506 disicere
718 2439 846 2523 obvios,
859 2451 1030 2527 proterere
1041 2442 1206 2506 iacentes.

225 2543 387 2631 plurimus
411 2546 504 2611 circa
520 2544 652 2633 aquilas
676 2544 784 2628 labor,
807 2567 892 2630 quae
907 2566 1016 2631 neque
1038 2545 1120 2610 ferri
1144 2545 1204 2611 ad·

227 2671 363 2714 versum
395 2650 589 2732 ingruentia
622 2648 692 2714 tela
723 2671 832 2734 neque
864 2648 924 2731 figi
951 2647 1072 2715 limosa
1102 2646 1204 2714 humo

176 2781 202 2821 ss
227 2763 398 2839 poterant.
432 2751 581 2818 Caecina
605 2753 683 2817 dum
706 2761 875 2818 sustentat
908 2754 1026 2833 aciem,
1062 2752 1204 2818 suffosso

228 2878 311 2942 equo
342 2854 499 2941 delapsus
530 2854 877 2937 circumveniebatur,
907 2855 943 2918 ni
972 2856 1081 2940 prima
1114 2854 1204 2939 legio

229 2982 302 3025 sese
326 2960 548 3046 opposuisset.
583 2960 669 3024 iuvit
703 2959 850 3026 hostium
882 2958 1042 3041 aviditas,
1078 2960 1204 3024 omissa
1261 2995 1262 3060 t

228 3061 335 3129 caede
372 3061 536 3149 praedam
574 3063 797 3147 sectantium,
834 3063 1013 3148 enisaeque
1052 3061 1205 3146 legiones

228 3157 489 3253 vesperascente
523 3167 578 3232 die
601 3169 635 3232 in
669 3178 787 3254 aperta
811 3177 845 3232 et
879 3165 999 3232 solida.
1032 3188 1142 3252 neque
1176 3169 1204 3232 is

176 3299 202 3338 so
227 3272 439 3337 miseriarum
480 3270 568 3336 finis.
619 3271 816 3338 struendum
853 3269 1000 3354 vallum,
1037 3272 1204 3356 petendus

227 3395 343 3459 agger,
367 3375 494 3439 amissa
515 3394 641 3459 magna
664 3398 708 3440 ex
737 3386 834 3461 parte
856 3396 916 3460 per
939 3396 1030 3460 quae
1053 3376 1204 3458 egeritur

226 3479 343 3544 humus
367 3488 426 3544 aut
450 3477 619 3545 exciditur
642 3501 798 3566 caespes3
831 3501 899 3544 non
921 3479 1069 3546 tentoria
1098 3481 1203 3544 mani·

225 3581 325 3668 pulis,
338 3603 405 3646 non
417 3581 564 3648 fomenta
581 3585 725 3666 sauciis3
741 3583 883 3649 infectos
896 3604 1001 3648 caeno
1014 3593 1074 3648 aut
1086 3605 1203 3648 cruore
