2530 4084
233 347 295 414 170
596 347 771 401 coauann
789 349 913 401 rncrrr

230 537 403 604 farrsandi
432 537 656 605 adsuetudine
686 549 747 605 aut
777 542 866 606 inter
898 562 1029 627 paucos
1063 550 1218 607 retenta:

232 640 422 729 (pluresque
447 644 517 709 eius
546 644 595 709 rei
624 665 747 710 causas
777 643 971 728 adferebat,
1001 647 1219 732 potissimam

230 767 333 830 penes
364 747 529 812 incuriam
552 749 701 814 virorum
723 749 1012 834 feminarumque3
1050 748 1218 814 accedere

180 862 204 902 ¹⁰
231 851 335 936 ipsius
352 851 579 916 caerimoniae
597 851 828 938 difficultates,
852 874 938 940 quae
954 852 1115 918 consulto
1132 853 1218 916 vita·

230 953 358 1036 rentur)
383 964 415 1019 et
439 954 528 1040 quod
546 957 654 1022 exiret
679 981 698 1022 e
720 960 791 1024 iure
813 958 935 1044 patrio,
960 959 1017 1042 qui
1042 957 1081 1021 id
1102 955 1218 1022 flamo·
1246 991 1247 1020 ι

229 1062 320 1128 nium
343 1062 551 1148 apisceretur
574 1082 724 1148 quaeque
747 1063 783 1126 in
806 1083 943 1127 manum
964 1060 1114 1126 flaminis
1140 1081 1216 1125 con·

230 1166 369 1231 veniret.
415 1167 463 1232 ita
428 1165 696 1232 tmedendum
719 1177 857 1232 senatus
882 1165 1019 1231 decreto
1043 1173 1104 1230 aut
1130 1164 1247 1247 lege,
1246 1147 1247 1224 l

230 1270 318 1334 sicut
342 1267 514 1354 Augustus
545 1269 711 1356 quaedam
742 1293 785 1335 ex
806 1267 946 1334 horrida
974 1267 1036 1333 illa
1067 1269 1247 1355 antiqui·

178 1377 204 1418 ¹⁶
230 1382 302 1438 tate
326 1373 369 1438 ad
384 1382 596 1458 praesentem
618 1396 716 1438 usum
737 1374 932 1439 flexisset'
922 1374 986 1456 rgit
987 1395 1029 1437 ur
1050 1373 1247 1437 tractatis

230 1475 451 1560 religionibus
474 1475 675 1562 placitum
666 1485 750 1541 rnstr
740 1478 824 1541 tuto
846 1476 1018 1541 flaminum
1044 1474 1135 1540 nibil
1160 1473 1213 1539 de·
1246 1443 1247 1568 i

230 1591 300 1647 mut
302 1583 369 1647 ari:
394 1580 454 1647 sed
475 1580 547 1647 lata
571 1581 643 1664 lex,
668 1603 733 1668 qua
761 1581 932 1646 flaminica
954 1579 1070 1644 Dialis
1101 1599 1213 1644 sacro·
1246 1589 1247 1680 p

229 1705 302 1750 rum
325 1705 429 1749 causa
453 1685 488 1749 in
504 1692 675 1769 potestate
689 1684 765 1766 viri,
789 1693 904 1750 cetera
925 1685 1097 1770 promisco
1120 1683 1214 1748 femi·
1246 1688 1247 1762 l

229 1808 348 1854 narum
377 1785 448 1852 iure
481 1795 608 1871 ageret
655 1795 688 1852 et
723 1785 813 1852 filius
842 1785 1091 1871 Maluginensis
1122 1787 1247 1872 patri

179 1895 204 1934 ²⁰
231 1889 347 1957 suffect
335 1899 399 1956 t.us
444 1900 547 1977 utque
590 1889 750 1974 glisceret
796 1889 949 1975 dignatio
995 1889 1247 1956 sacerdotmnl

230 2003 332 2081 atquc
362 1995 444 2082 ipsis
474 2003 606 2082 prompt
609 1996 660 2060 ior
689 1997 821 2060 animus
844 1994 931 2060 foret
962 1994 1008 2059 ad
1031 2015 1247 2096 capessen

231 2097 291 2164 das
316 2099 549 2182 caerimonias,
575 2097 690 2164 decret
677 2108 746 2164 tum
762 2095 940 2163 Corneliae
963 2099 1101 2180 virgini,
1127 2119 1211 2183 quac
1246 2121 1247 2130 ¹

231 2199 398 2267 inlocum
422 2199 584 2268 Scant'trae
608 2201 822 2288 capiebatur,
854 2203 1047 2267 sestertium
1069 2202 1211 2282 viciens,
1246 2207 1247 2274 ζ

231 2316 263 2372 et
286 2305 440 2391 quotiens
465 2303 620 2390 Augusta
644 2304 813 2371 theatrum
836 2307 1027 2396 introisset,
1049 2313 1090 2370 ut
1113 2305 1210 2371 sedes
1246 2286 1247 2344 i

180 2410 204 2450 ²⁵
231 2409 319 2474 inter
341 2407 532 2475 Vestalium
556 2407 758 2475 consideret.

335 2509 384 2576 17.
408 2509 564 2578 Cornelio
594 2510 744 2596 Cethego
773 2511 915 2577 Visellio
946 2511 1103 2577 Varrone
1134 2534 1210 2577 con·
1246 2522 1247 2592 1

231 2613 359 2681 sulibus
382 2615 558 2701 pontifices
583 2636 762 2702 eorumque
791 2614 943 2700 exemplo
966 2616 1074 2679 ceteri
1100 2637 1209 2681 sacer·
1246 2641 1247 2646 ¹

231 2715 343 2803 dotes,
367 2740 441 2784 curn
469 2740 528 2805 pro
552 2717 784 2785 incolumitate
814 2719 977 2804 principis
999 2727 1081 2782 vota
1107 2721 1209 2784 susei-
1246 2698 1247 2722 i

229 2832 357 2906 perant,
373 2822 539 2888 Neronem
563 2844 692 2909 quoque
709 2831 741 2886 et
756 2821 904 2888 Drusum
919 2821 1027 2888 isdem
1051 2821 1106 2888 dis
1124 2845 1210 2888 com·
1246 2887 1247 2902 ,

192 2941 205 2981 ⁶
231 2924 446 3012 mandavere,
469 2947 536 2992 non
559 2936 629 2992 tam
653 2927 798 2991 caritate
822 2928 979 2991 iuvenum
1002 2948 1105 3013 quam
1129 2927 1209 2995 adn·
1246 2949 1247 2952 ¹

229 3027 366 3113 latione,
391 3052 476 3117 quae
499 3030 647 3096 moribus
664 3031 831 3116 corruptis
854 3029 995 3116 perinde
1018 3052 1159 3118 anceps,
1183 3033 1209 3096 si
1246 3073 1247 3076 =

229 3131 323 3198 nulla
354 3143 387 3198 et
413 3133 472 3199 ubi
494 3135 599 3198 nimia
623 3143 684 3199 est.
729 3155 810 3198 nam
831 3132 987 3199 Tiberius
1017 3131 1113 3200 haud
1142 3159 1209 3200 um·

230 3258 330 3322 quam
361 3235 472 3302 domui
497 3235 691 3303 Germanici
725 3240 836 3321 mitis,
864 3248 935 3303 tum
958 3259 1038 3302 vero
1069 3241 1208 3326 aequari
1246 3259 1247 3328 ξ

231 3338 468 3405 adulescentes
503 3351 660 3407 senectae
695 3363 776 3407 suae
809 3341 1017 3426 inpatienter
1046 3341 1208 3427 indoluit3

181 3459 205 3497 10
232 3445 426 3528 accitosque
448 3445 624 3527 pontifices
646 3453 866 3530 percontatus
890 3456 951 3530 est,
973 3469 1054 3511 num
1076 3445 1115 3510 id
1136 3469 1207 3534 pre·

234 3543 328 3608 cibus
363 3541 571 3629 Agrippinae
605 3557 663 3611 aut
698 3549 798 3612 minis
833 3547 1043 3615 tribuissent.
1090 3559 1125 3615 et
1160 3551 1208 3616 illi
1246 3607 1247 3620 ,

233 3639 381 3726 quidem,
406 3667 606 3731 quamquam
630 3648 834 3736 abnuerent,
857 3651 989 3717 modice
1017 3654 1206 3738 perstricti3
1246 3698 1247 3718 ι
