2500 4084
212 283 275 350 202
539 283 713 335 CORNELII
732 284 854 334 'famul

206 475 349 561 quedum
371 484 558 562 comperto,
582 495 664 563 quos
688 472 748 539 illa
769 475 821 539 vis
844 470 1062 559 perculisset,
1085 471 1195 537 latior

207 599 249 643 ex
274 578 401 644 incerto
424 588 543 645 metus.

311 681 362 746 63.
383 681 430 749 Ut
465 703 605 770 coepere
640 681 802 748 dimoveri
832 680 971 764 obruta,
1005 701 1196 747 concursus

210 783 254 850 ad
271 787 443 852 exanimos
458 786 763 873 complectentium,
780 784 1023 868 osculantium,
1040 795 1075 850 et
1090 806 1196 870 saepe

211 899 399 974 certamen,
434 892 463 955 si
487 890 659 956 confusior
679 890 803 972 facies,
834 888 895 955 sed
916 911 979 974 par
1000 890 1107 955 forma
1133 899 1196 954 aut

211 1004 307 1059 aetas
324 1015 468 1059 errorem
484 993 773 1078 adgnoscentibus
788 993 925 1058 fecerat.
942 994 1195 1080 qninquaginta

173 1116 185 1156 o
212 1095 383 1162 hominum
405 1097 499 1164 milia
524 1119 562 1162 eo
578 1119 661 1162 casu
677 1096 857 1163 debilitata
873 1095 927 1162 vel
951 1095 1080 1164 obtrita
1096 1107 1196 1178 sunt3

212 1209 413 1287 cautumque
436 1203 471 1266 in
492 1209 663 1288 posterum
687 1211 823 1266 senatus
848 1201 1018 1285 consulto,
1048 1202 1192 1287 nequis

213 1302 451 1386 gladiatorium
466 1326 586 1370 munus
611 1304 735 1388 ederet,
758 1306 813 1369 cui
835 1306 945 1369 minor
964 1303 1194 1390 quadringen-

213 1417 321 1472 torum
343 1407 471 1472 milium
493 1429 558 1490 res,
581 1399 667 1472 neve
691 1406 974 1492 amphitheatrum
1007 1409 1192 1494 imponere·

212 1519 269 1575 tur
290 1512 356 1576 nisi
380 1511 450 1577 solo
473 1512 644 1578 firmitatis
668 1520 852 1598 spectatae.
891 1510 1018 1577 Atilius
1043 1513 1079 1575 in
1102 1510 1194 1576 exsi-

163 1636 187 1676 10
214 1614 295 1680 lium
320 1626 415 1680 actus
439 1625 501 1681 est.
525 1625 672 1683 ceterum
704 1613 766 1680 sub
787 1623 957 1680 recentem
979 1614 1114 1681 cladem
1138 1635 1192 1699 pa·

215 1728 309 1784 tuere
331 1740 506 1803 procerum
530 1719 665 1802 domus,
691 1718 840 1787 fomenta
864 1726 896 1782 et
919 1716 1044 1784 medici
1066 1718 1195 1804 passim

215 1820 370 1908 praebiti,
405 1822 532 1909 fuitque
564 1821 645 1888 urbs
680 1807 740 1908 per
774 1819 848 1887 illos
885 1820 956 1887 dies
992 1840 1192 1908 quamquam

215 1935 346 1990 maesta
369 1926 458 1991 facie
472 1935 623 1992 veterum
646 1927 812 1992 institutis
837 1925 965 2007 similis,
989 1928 1046 2011 qui
1068 1944 1194 2008 magna
1228 1943 1229 1976 l

217 2039 294 2115 post
326 2028 455 2114 proelia
495 2031 628 2095 saucios
663 2026 844 2114 largitione
879 2037 911 2092 et
945 2049 1029 2094 cura
1064 2038 1193 2094 susten·

165 2151 190 2191 ru
216 2130 348 2198 tabant.

320 2233 371 2301 64.
394 2233 550 2302 Nondum
573 2259 613 2302 ea
636 2236 751 2302 clades
775 2237 980 2319 exoleverat,
1004 2257 1082 2302 curn
1104 2234 1190 2319 ignis

217 2338 380 2405 violentia
396 2338 512 2405 urbem
527 2339 617 2406 ultra
635 2339 770 2408 solitum
787 2339 923 2423 adfecit,
948 2339 1069 2405 deusto
1084 2347 1194 2404 monte

221 2441 355 2526 Caeli03
388 2442 594 2531 feralemque
628 2465 753 2509 annum
780 2442 935 2509 ferebant
965 2451 998 2506 et
1029 2441 1192 2508 ominibus
1228 2479 1229 2528 ,

221 2546 375 2612 adversis
405 2556 596 2633 susceptum
628 2547 772 2632 principi
800 2547 978 2613 consilium
1008 2545 1190 2616 absentiae,
1228 2561 1229 2638 ,

184 2671 195 2707 u
224 2649 280 2734 qui
302 2669 373 2716 mos
396 2649 514 2734 vulgo,
549 2650 690 2716 fortuita
712 2648 758 2715 ad
780 2649 913 2737 culpam
936 2647 1131 2732 trahentes,
1162 2644 1191 2709 ni
1228 2639 1229 2692 l

220 2751 349 2820 Caesar
374 2752 509 2820 obviam
539 2755 621 2819 isset
643 2752 824 2819 tribuendo
846 2754 1007 2840 pecunias
1032 2773 1077 2816 ex
1100 2747 1191 2816 modo
1228 2745 1229 2838 ,

221 2856 427 2923 detrimenti.
472 2863 640 2942 actaeque
664 2857 694 2921 ei
718 2865 831 2940 grates
856 2855 946 2941 apud
969 2864 1128 2920 senatum
1155 2847 1191 2916 ab
1228 2853 1229 2926 i

220 2959 420 3026 inlustribus
443 2959 599 3046 famaque
622 2959 711 3045 apud
734 2958 907 3044 populum,
930 2959 1009 3045 quia
1034 2959 1110 3023 sine
1133 2975 1191 3022 an·
1228 2983 1229 3048 q

180 3088 182 3094 ·
221 3063 348 3129 bitione
371 3072 430 3130 aut
453 3064 680 3150 proximorum
701 3061 858 3147 precibus
883 3062 1017 3147 ignotos
1038 3063 1143 3128 etiam
1164 3063 1191 3120 et
1228 3051 1229 3106 l

173 3189 197 3228 ro
223 3168 311 3234 ultro
336 3170 464 3235 accitos
487 3168 716 3233 munificentia
744 3168 886 3234 iuverat.
932 3166 1107 3233 adduntur
1129 3183 1190 3228 seu·

221 3272 366 3353 tentiae,
400 3281 437 3336 ut
470 3290 564 3335 mons
588 3267 724 3335 Caelius
760 3272 793 3334 in
826 3279 997 3356 posterum
1025 3268 1190 3353 Augustus

223 3371 467 3456 appellaretur,
497 3372 630 3458 quando
659 3375 791 3437 cunctis
821 3375 948 3438 circum
974 3371 1189 3456 flagrantibus

226 3472 299 3537 sola
321 3471 449 3538 Tiberii
473 3473 619 3558 effigies,
643 3477 709 3540 sita
733 3477 768 3539 in
791 3474 888 3540 domo
910 3475 1000 3540 Iunii
1022 3473 1190 3550 senatoris,
1228 3495 1229 3538 i

226 3574 391 3640 inviolata
424 3577 616 3642 mansisset.
660 3580 821 3643 evenisse
854 3578 890 3643 id
924 3577 1003 3644 olim
1036 3577 1191 3644 Claudiae
