2552 4084
215 227 257 295 52
547 227 721 280 ooauann
741 228 863 279 sacrm

163 436 188 476 10
214 419 320 506 ribus,
342 427 380 484 ut
404 419 577 505 sagittarii
591 429 709 485 nostra
724 440 784 505 pro
801 419 874 504 ripa
898 416 1053 503 dispositi
1077 416 1195 482 absce-

217 527 333 592 derent
356 525 517 613 postulat,
542 533 574 590 et
590 533 767 610 postquam
784 521 938 606 digressi,
962 520 1050 586 unde
1074 544 1115 586 ea
1141 521 1195 587 de·

214 631 368 696 formitas
404 630 470 694 oris
505 630 694 712 interrogat
729 627 876 691 fratrem.
921 623 981 689 illo
1014 623 1128 690 locum
1163 635 1194 691 et

213 733 378 819 proelium
400 733 577 814 referente,
602 730 770 817 quodnam
793 730 978 814 praemium
1007 730 1193 815 recepisset

216 836 373 923 exquirit.
395 836 525 906 Flavus
549 844 650 900 aucta
673 832 852 919 stipendia,
875 841 1028 918 torquem
1052 840 1086 896 et
1101 852 1193 897 coro·

164 953 188 992 1⁵
215 962 295 1006 nam
323 939 458 1025 aliaque
490 938 654 1004 militaria
690 936 777 1002 dona
811 944 989 1019 memorat,
1023 935 1193 1000 inridente

215 1042 367 1109 Arminio
391 1042 475 1108 vilia
499 1044 629 1108 servitii
651 1043 771 1128 pretia.

319 1145 369 1210 10.
391 1146 493 1212 Exim
510 1145 636 1210 diversi
652 1144 838 1227 ordiuntur,
854 1142 909 1208 hic
924 1142 1195 1227 magnitudinem

215 1250 411 1333 Romanam,
436 1271 515 1335 opes
539 1246 698 1314 Caesaris
722 1256 755 1313 et
778 1249 879 1312 victis
908 1267 1030 1330 graves
1053 1268 1193 1332 poenas,

214 1354 250 1417 in
275 1352 479 1418 deditionem
494 1353 645 1418 venienti
659 1360 818 1437 paratam
833 1349 1063 1430 clementiam3
1085 1371 1194 1435 neque

215 1459 391 1541 coniugem
422 1466 456 1522 et
477 1456 583 1521 filium
612 1457 682 1520 eius
705 1453 875 1519 hostiliter
896 1453 1031 1518 haberi:
1060 1451 1120 1516 ille
1143 1453 1194 1517 sas

176 1572 188 1612 ⁶
213 1560 360 1644 patriae,
389 1558 583 1625 libertatem
606 1560 744 1640 avitam,
779 1555 962 1643 penetralis
987 1553 1195 1621 Germaniae

216 1662 306 1746 deos,
329 1672 470 1730 matrem
492 1685 629 1749 precum
652 1663 795 1746 sociam3
817 1685 860 1726 ue
874 1662 1139 1748 propinquorum
1164 1671 1195 1725 et

215 1766 386 1851 adfinium,
412 1768 554 1854 denique
571 1768 682 1851 gentis
707 1788 787 1832 suae
812 1765 963 1848 desertor
985 1772 1018 1828 et
1034 1763 1194 1850 proditor

215 1892 315 1956 quam
346 1874 528 1958 imperator
563 1893 637 1935 esse
670 1870 796 1935 mallet.
840 1868 1005 1954 paulatim
1038 1867 1120 1933 inde
1151 1867 1194 1932 ad

214 1975 326 2059 iurgia
348 1975 497 2061 prolapsi
520 1997 584 2062 quo
607 1975 717 2039 minus
740 1993 889 2060 pugnam
911 1980 1129 2037 consererent
1152 1995 1193 2036 ne

164 2092 188 2131 1⁰
213 2077 349 2143 flumine
373 2078 508 2165 quidem
531 2080 708 2144 interiecto
737 2076 992 2159 cohibebantur,
1014 2076 1050 2140 ni
1074 2072 1192 2140 Sterti-

214 2183 290 2246 nius
325 2181 509 2248 adcurrens
543 2181 678 2268 plenum
710 2183 782 2247 irae
812 2200 972 2266 armaque
1007 2189 1039 2244 et
1074 2201 1193 2265 equum

214 2295 409 2371 poscentem
430 2284 575 2350 Flavum
604 2285 820 2351 adtinuisset.
849 2282 1052 2349 cernebatur
1074 2293 1192 2347 conus

214 2389 468 2455 minitabundus
502 2387 674 2454 Arminius
707 2387 937 2474 proeliumque
972 2384 1192 2466 denuntians3

214 2513 292 2556 nam
314 2491 475 2579 pleraque
489 2491 614 2557 Latino
637 2513 789 2556 sermone
812 2489 1060 2572 interiaciebat,
1083 2491 1191 2575 utqui

164 2608 189 2649 1⁶
215 2593 376 2660 Romanis
411 2596 445 2660 in
469 2596 590 2660 castris
616 2594 735 2660 ductor
763 2593 974 2681 popularium
1001 2594 1188 2658 meruisset.

321 2697 369 2760 11.
392 2698 531 2763 Postero
556 2697 610 2773 die
635 2696 878 2762 Germanorum
901 2699 993 2762 acies
1016 2705 1113 2761 trans
1135 2697 1189 2762 Vi·

217 2802 343 2884 surgim
373 2803 478 2866 stetit.
523 2798 652 2866 Caesar
674 2803 740 2866 nisi
763 2801 921 2886 pontibus
945 2800 1188 2887 praesidiisque

216 2904 371 2990 inpositis
396 2904 478 2970 dare
502 2906 536 2969 in
560 2905 740 2970 discrimen
762 2904 913 2988 legiones
937 2903 1028 2968 haud
1050 2905 1189 2990 impera·

216 3009 338 3073 torium
367 3018 479 3091 ratus,
515 3010 662 3095 equitem
683 3009 772 3074 vado
801 3010 973 3074 tramittit.
1016 3007 1191 3092 praefuere

177 3126 190 3165 ⁵
217 3108 399 3177 Stertinius
434 3121 467 3176 et
503 3134 521 3176 e
554 3135 692 3178 numero
727 3111 984 3198 primipilarium
1017 3109 1191 3194 Aemilius,
1248 3133 1249 3168 ι

218 3215 422 3281 distantibus
456 3214 541 3280 locis
575 3217 716 3298 invecti,
752 3225 790 3281 ut
823 3215 955 3281 hostem
984 3213 1192 3280 diducerent.

217 3340 282 3403 qua
298 3317 493 3384 celerrimus
515 3318 633 3400 amnis,
657 3316 885 3383 Chariovalda
902 3318 972 3383 dux
987 3317 1192 3385 Batavorum
1248 3355 1249 3414 p

218 3423 336 3508 erupit.
360 3443 435 3488 eum
447 3419 610 3487 Cherusci
626 3423 740 3506 fugam
760 3421 955 3486 simulantes
968 3423 1003 3486 in
1017 3420 1193 3506 planitiem
1248 3417 1249 3500 l

218 3524 363 3590 saltibus
380 3525 631 3593 circumiectam
647 3535 800 3590 traxere:
824 3525 901 3590 dein
925 3526 1032 3590 coorti
1048 3534 1083 3590 et
1098 3527 1194 3592 undi-
