2534 4084
289 301 336 350 AB
355 299 519 352 EXCESSU
535 298 696 350 AUGUSTI
714 299 736 349 Ι.
754 297 865 350 32-35.
1018 295 1060 360 25

184 488 237 555 34.
262 487 329 555 Sed
345 487 567 554 Germanicus
592 498 717 574 quanto
735 511 882 554 summae
898 491 969 575 spei
984 510 1059 574 pro-

62 595 160 680 pior,
188 602 284 658 tanto
314 594 495 678 impensius
523 614 583 677 pre
607 590 744 656 Tiberio
774 593 847 656 niti.
886 591 1058 678 Sequanos

65 697 252 782 proximos
275 707 308 760 et
329 694 510 778 Belgarum
532 696 689 759 civitates
713 696 746 758 in
763 694 868 759 verba
889 697 960 760 eius
985 694 1057 759 adi-

68 802 137 882 git.
175 799 298 864 dehinc
328 797 445 863 audito
468 797 640 882 legionum
663 798 805 863 tumultu
834 800 957 884 raptim
984 820 1058 883 pro-

69 903 192 968 fectus
217 902 333 967 obvias
357 913 456 967 extra
479 910 594 966 castra
617 900 745 984 habuit,
770 901 911 967 deiectis
935 905 970 968 in
994 913 1058 967 ter·
1084 918 1098 956 ⁵

69 1029 151 1071 ram
189 1005 294 1070 oculis
331 1003 424 1071 velut
460 1006 680 1090 paenitentia.
718 1016 897 1092 postquam
932 1004 1059 1070 vallum

72 1110 166 1191 iniit,
201 1107 329 1172 dissoni
357 1117 494 1194 questus
524 1107 635 1172 audiri
664 1129 814 1195 coepere.
861 1119 894 1173 et
923 1107 1060 1194 quidam

71 1233 205 1297 prensa
228 1233 329 1276 manu
358 1212 428 1276 eius
458 1232 519 1296 per
541 1213 686 1295 speeiem
708 1210 938 1276 'exosculandi
972 1212 1058 1274 inse-

72 1323 218 1379 ruerunt
255 1313 401 1397 digitos,
435 1325 471 1379 ut
500 1336 610 1378 vacua
645 1313 800 1379 dentibus
836 1337 895 1379 ora
928 1315 1057 1378 eontin-

74 1427 195 1502 geret3
231 1417 288 1481 alii
323 1428 466 1483 curvata
503 1419 594 1482 senio
634 1416 784 1482 membra
823 1414 1057 1483 ostendebant.
1086 1435 1112 1473 10

75 1520 303 1585 adsistentem
333 1522 534 1603 contionem,
564 1521 643 1606 quia
677 1522 846 1605 permixta
868 1517 1059 1601 videbatur,

76 1622 257 1689 discedere
280 1625 314 1687 iu
329 1622 517 1708 manipulos
547 1621 654 1687 iubet:
679 1624 727 1686 sic
750 1622 868 1687 melius
885 1621 1058 1687 audituros

74 1747 292 1812 responsum3
314 1725 442 1790 vexilla
464 1725 640 1811 praeferri,
664 1736 701 1790 ut
724 1725 760 1791 id
783 1724 904 1791 saltem
934 1725 1058 1790 discer-

75 1836 175 1894 neret
191 1828 364 1892 cohortes:
386 1827 486 1893 tarde
510 1827 796 1914 obtemperavero.
820 1839 900 1894 tune
924 1852 945 1893 a
959 1850 1058 1892 vene-

77 1933 215 1997 ratione
237 1931 383 2014 Augusti
407 1953 501 1996 orsus
538 1931 634 1996 flexit
669 1931 713 1996 ad
745 1933 909 1996 victorias
943 1933 1059 1995 trium·
1088 1950 1111 1988 1⁵

77 2034 229 2121 phosque
244 2033 383 2117 Tiberii,
398 2036 589 2120 praecipuis
606 2033 763 2100 laudibus
780 2033 956 2099 celebrans
973 2056 1059 2120 quae

78 2137 171 2224 apud
194 2135 394 2202 Germanias
421 2136 489 2202 illis
512 2159 587 2202 cum
618 2136 807 2222 legionibus
835 2135 1059 2223 pulcherrima

78 2242 231 2307 fecisset.
254 2239 376 2306 Italiae
400 2239 480 2305 inde
502 2262 712 2324 consensum,
743 2239 931 2305 Galliarum
959 2239 1059 2305 fidem

80 2343 230 2427 extollit3
252 2341 301 2408 nil
316 2366 459 2430 usquam
482 2343 652 2409 turbidum
675 2354 734 2409 aut
758 2343 898 2408 discors.
923 2342 1057 2408 silentio

79 2448 164 2513 haec
187 2445 242 2512 vel
264 2469 431 2512 murmure
454 2446 587 2511 modice
611 2446 729 2512 audita
754 2457 840 2511 sunt.
1085 2473 1111 2514 ae

184 2549 235 2613 35.
258 2549 306 2616 Ut
329 2548 529 2614 seditionem
552 2551 679 2634 attigit,
702 2548 760 2614 ubi
782 2550 948 2615 modestia
971 2549 1057 2614 mili-

81 2655 164 2718 teris
172 2704 181 2736 ,
209 2651 267 2718 ubi
288 2654 414 2717 veteris
444 2651 646 2737 disciplinae
675 2651 794 2734 decus,
824 2675 968 2739 quonam
999 2655 1057 2717 tri-

81 2757 200 2838 bunos,
223 2776 287 2842 quo
310 2756 523 2819 centuriones
559 2757 764 2838 exegissent,
798 2757 964 2839 rogitans,
997 2778 1057 2820 nu-

84 2859 165 2924 dant
202 2859 350 2922 universi
384 2878 541 2943 corpora,
571 2860 750 2923 cicatrices
781 2881 823 2922 ex
850 2858 1057 2941 vulneribus,

82 2960 257 3027 verberum
284 2970 383 3025 notas
413 2960 636 3045 exprobrant3
668 2983 748 3026 mox
777 2961 971 3026 indiscretis
1000 2984 1057 3025 vo·
1085 2981 1098 3020 5

84 3063 176 3129 cibus
199 3064 309 3149 pretia
336 3064 563 3146 vacationum,
593 3066 771 3148 angustias
796 3063 975 3149 stipendii,
1000 3064 1057 3129 du-

84 3168 195 3233 ritiam
210 3188 345 3252 operum
367 3186 408 3230 ac
424 3168 567 3252 propriis
591 3165 781 3231 nominibus
806 3169 962 3231 incusant
985 3166 1057 3232 val-

84 3270 159 3353 lum,
188 3269 308 3352 fossas,
337 3266 454 3354 pabuli
486 3271 650 3334 materiae
685 3268 852 3352 lignorum
886 3269 1057 3354 adgestus,

85 3383 117 3439 et
138 3373 167 3437 si
190 3394 255 3458 qua
279 3371 348 3437 alia
372 3394 415 3436 ex
436 3374 642 3437 necessitate
674 3382 732 3436 aut
756 3372 919 3437 adversus
955 3375 1059 3437 otium

86 3484 267 3540 castrorum
300 3485 515 3562 quaeruntur.
556 3476 786 3540 atrocissimus
821 3483 1058 3542 veteranorum
1085 3496 1110 3534 1⁰

86 3579 209 3644 clamor
232 3576 412 3660 oriebatur,
436 3579 492 3665 qui
515 3581 646 3643 tricena
670 3587 727 3644 aut
753 3601 853 3663 supra
884 3571 1055 3664 stipendia
