2500 4084
221 345 285 414 230
555 341 728 400 11111111
746 342 869 399 111111

219 538 430 626 percrebruit
452 560 559 625 neque
575 539 747 606 meliorem
762 560 921 626 umquam
943 561 1078 604 servum
1095 559 1201 624 neque

222 643 422 709 deteriorem
446 643 614 708 dominum
637 643 752 710 111111.

168 771 193 810 10
320 746 394 812 Non
425 747 593 811 omiserim
621 748 837 832 praesagium
860 747 987 812 Tiberii
1017 747 1059 812 da
1083 746 1202 814 Servio

220 848 331 916 Galba
354 859 425 916 tum
448 848 606 933 oonsule;
628 871 725 936 quem
741 852 887 916 accitum
910 860 944 916 et
961 850 1106 916 diversis
1133 873 1202 916 ser-

217 953 370 1020 monibus
393 962 653 1041 pertemptatum
675 964 843 1039 postremo
868 952 1009 1019 Graecis
1035 955 1150 1021 verbis
1168 956 1201 1018 in

218 1059 307 1125 hanc
325 1061 527 1126 sententiam
543 1057 721 1124 adlocutus
739 1069 789 1124 est
807 1055 855 1123 ‘et
879 1069 926 1142 tu,
944 1057 1069 1142 Galba,
1094 1081 1200 1146 quan-

219 1163 327 1250 doque
352 1163 548 1248 degustabis
572 1162 767 1249 imperium‚'
792 1183 901 1228 seram
924 1183 964 1228 ac
979 1163 1120 1229 brevem
1142 1183 1199 1248 po-

165 1287 191 1328 15
217 1269 359 1333 tentiam
394 1268 606 1352 significans,
642 1267 787 1332 scientia
820 1263 1070 1332 Chaldaeorum
1103 1268 1198 1346 artis,

217 1373 312 1435 cuius
336 1371 541 1457 apiscendae
563 1372 667 1435 otium
690 1369 780 1456 apud
801 1369 969 1451 Rhodum,
994 1372 1197 1454 magistrum

215 1473 431 1540 Thrasullum
453 1473 588 1558 habuit,
622 1474 778 1560 peritiam
808 1475 879 1538 eius
908 1472 971 1538 hoc
1005 1473 1106 1540 modo
1142 1497 1196 1538 ex-

215 1588 340 1663 pertus.

318 1680 371 1746 21.
394 1681 558 1763 Quotiens
587 1701 687 1768 super
715 1681 778 1746 tali
807 1682 943 1765 negotio
975 1680 1196 1762 consultaret,

218 1787 309 1852 edita
327 1786 442 1853 domus
467 1796 563 1873 parte
580 1808 619 1851 11
643 1785 757 1851 liberti
781 1787 879 1850 unius
896 1786 1109 1852 conscientia
1125 1795 1196 1851 ute-

214 1889 325 1956 batur.
356 1892 383 1954 11
407 1889 598 1956 litterarum
626 1890 783 1973 ignarus,
814 1910 953 1975 corpore
975 1887 1105 1972 valido,
1138 1911 1196 1975 per
1238 1947 1239 1966 ,

214 1994 292 2059 avia
330 2017 370 2060 ac
416 1993 557 2080 derupta
600 1995 689 2074 (nam
733 1993 827 2057 saxis
866 1990 983 2056 domus
1028 1991 1193 2071 imminet)
1238 1979 1239 2011 ¹

175 2113 188 2154 ⁵
213 2096 368 2183 praeibat
385 2120 468 2180 eum,
485 2099 579 2162 cuius
596 2106 703 2162 artem
720 2096 866 2181 experiri
881 2094 1038 2160 Tiberius
1056 2096 1193 2160 statuis-

214 2208 275 2282 set,
301 2209 333 2265 et
360 2200 615 2285 regredientem,
640 2201 669 2265 si
692 2199 855 2265 vanitatis
879 2207 938 2264 aut
959 2197 1120 2264 fraudum
1143 2223 1194 2263 sn-

215 2304 319 2389 spicio
344 2305 542 2387 incesserat,
567 2307 601 2369 in
619 2303 807 2370 subiectum
822 2324 916 2369 mare
930 2303 1192 2388 praecipitabat,

212 2430 254 2472 ne
277 2406 381 2473 index
403 2411 522 2474 arcani
538 2410 726 2474 exsisteret.
750 2409 855 2492 igitur
870 2405 1068 2472 Thrasullus
1086 2406 1192 2473 isdem
1237 2449 1238 2535 ,

212 2509 350 2596 rupibus
381 2511 539 2576 inductus
563 2520 741 2597 postquam
768 2519 1025 2596 percontantem
1048 2531 1191 2576 commo·

161 2631 186 2671 10
212 2623 317 2698 verat,
342 2617 516 2700 imperium
532 2617 596 2702 ipsi
620 2623 652 2679 et
669 2614 782 2680 futura
799 2613 953 2680 sollerter
967 2613 1191 2700 patefaciens,

211 2719 441 2802 interrogatur
475 2740 519 2783 an
553 2740 649 2783 suam
683 2738 814 2805 quoque
854 2716 1039 2801 genitalem
1072 2716 1190 2783 horam

210 2819 445 2907 comperisset,
478 2844 575 2908 quem
598 2832 667 2887 tum
691 2843 829 2904 annum,
865 2819 996 2906 qualem
1020 2819 1114 2886 diem
1136 2820 1190 2886 ha-

209 2924 315 2990 beret.
339 2924 396 2990 ille
418 2926 547 3012 positus
565 2926 712 2990 siderum
735 2947 776 2990 ac
794 2926 904 3012 spatia
921 2924 1094 2990 dimensus
1114 2925 1189 2990 hae·
1236 2995 1237 3000 γ

209 3052 283 3094 1611
306 3030 428 3116 primo,
453 3028 531 3094 dein
553 3050 751 3115 pavescere,
785 3037 817 3092 et
840 3038 1001 3115 quantum
1031 3027 1188 3114 introspi-

159 3150 182 3187 15
210 3143 317 3212 ceret,
351 3135 460 3217 magis
492 3155 532 3198 11
560 3134 668 3217 magis
697 3130 849 3218 trepidus
885 3130 1125 3196 admirationis
1156 3139 1186 3196 11

208 3245 328 3319 metus,
350 3246 518 3324 postremo
536 3234 705 3301 exclamat
721 3233 916 3318 ambiguum
939 3233 1004 3298 sibi
1027 3255 1069 3298 ac
1085 3256 1185 3321 prope

194 3338 361 3403 ‘ultimum
391 3337 572 3404 discrimen
606 3340 744 3402 instare.
789 3349 860 3404 tum
887 3335 1084 3423 complexus
1115 3361 1184 3403 eum

209 3439 363 3505 Tiberius
386 3442 575 3525 praescium
597 3439 821 3526 periculorum
845 3450 877 3506 et
901 3440 1104 3507 incolumem
1118 3443 1183 3508 fore

210 3553 383 3629 gratatur,
418 3565 569 3630 quaeque
604 3543 737 3610 dixerat
771 3544 877 3610 oracli
907 3547 981 3610 vice
1016 3547 1183 3632 accipiens

174 3652 180 3660 “
214 3646 302 3710 inter
324 3648 459 3711 intimos
483 3648 665 3712 amicorum
688 3657 791 3714 tenet.
