2552 4084
296 283 342 334 nn
361 282 522 336 excussu
540 282 698 338 suousnr
715 283 752 332 11.
772 282 883 332 as-re.
1038 279 1076 344 71

93 477 173 542 veri
195 474 337 542 indicat.
361 476 464 540 missa
488 474 655 559 extemplo
678 493 810 557 manus,
840 492 926 557 quac
948 469 1079 538 hostem

95 602 119 644 a
132 579 246 644 fronte
262 577 410 660 eliceret,
433 576 502 661 olii,
527 579 584 664 qui
599 586 698 662 terga
713 573 952 660 circumgressi
967 571 1079 642 reolu-

97 681 219 748 dercnt
256 681 408 764 humum,
441 689 474 748 et
511 681 663 766 utrisque
700 678 812 748 adfuit.
846 677 992 746 fortune.
1039 699 1077 744 eo
1106 693 1131 734 1⁰

95 786 284 871 promptior
307 782 435 850 Caesar
455 784 568 870 pergit
591 785 769 866 introrsus,
791 782 990 872 populetur,
1020 806 1078 850 ex·

97 887 227 954 scindit
255 909 323 956 non
346 910 463 954 ausum
495 885 659 971 congredi
692 886 824 954 bostem
857 895 932 972 aut,
967 887 1077 958 sicubi

96 993 285 1074 restiterat,
310 993 425 1056 statim
440 989 575 1077 pulsum
590 1011 653 1056 nec
670 1011 828 1078 umquam
841 993 963 1075 magis,
979 1000 1017 1058 ut
1035 1014 1078 1060 ex

96 1097 245 1183 captivis
262 1096 435 1180 cognitum
451 1105 512 1178 est,
527 1102 718 1181 paventem.
741 1097 864 1182 quippe
879 1096 1026 1162 invictos
1042 1105 1078 1162 ct

97 1197 204 1266 nullis
228 1199 364 1266 casibus
390 1196 596 1286 superabiles
619 1198 788 1266 Romanos
811 1197 1072 1285 praedicebant,
1101 1210 1126 1251 ¹⁸

96 1304 157 1388 qui
178 1301 313 1388 perdita
340 1301 470 1386 classe,
497 1305 633 1370 amissis
657 1303 776 1385 armis,
799 1311 875 1389 post
902 1311 1079 1372 constrata

98 1427 260 1492 equorum
282 1407 495 1493 virorumque
525 1405 722 1494 corporibus
746 1405 848 1474 litora
872 1405 991 1474 eadem
1012 1409 1079 1474 vir-

96 1518 182 1592 tute,
198 1510 274 1596 pari
290 1509 417 1576 ferocia
434 1520 467 1578 et
482 1510 574 1576 velut
597 1511 690 1577 ancti
705 1532 844 1578 numero
861 1511 1078 1597 inrupissent.

203 1611 254 1678 26.
277 1613 449 1680 Reductus
475 1613 554 1680 inde
582 1614 618 1680 in
645 1613 788 1683 hiberna
818 1613 932 1697 miles,
966 1613 1078 1682 laetus

96 1716 219 1798 enimi,
247 1715 338 1802 quod
367 1717 512 1784 adverso
535 1719 638 1786 maris
670 1717 886 1804 expeditione
915 1737 1078 1803 prospera

92 1821 320 1904 pensavisset.
337 1819 472 1886 addidit
484 1821 751 1888 munificentiam
766 1818 903 1904 Caesar,
916 1828 1080 1905 quantum

96 1924 174 2007 quis
193 1921 306 1989 damni
320 1924 491 2009 professus
514 1933 597 2006 erat,
622 1923 839 1990 exsolvendo.
862 1944 925 1990 nec
943 1921 1080 1990 dubium

95 2024 289 2093 habebatur
303 2025 422 2094 labare
443 2027 558 2094 hostes
574 2026 808 2113 petendaeque
821 2027 918 2112 pacis
934 2024 1078 2092 consilia
1105 2037 1119 2078 ὁ

96 2151 246 2213 sumere,
283 2139 315 2196 et
344 2133 374 2196 si
402 2133 556 2217 proximo
591 2139 705 2198 aestus
734 2129 942 2212 adiceretur,
980 2148 1080 2216 posse
1107 2155 1113 2164 ·

96 2230 228 2298 bellum
249 2235 389 2320 patrari.
415 2233 476 2300 sed
498 2233 627 2302 crebris
653 2232 807 2320 epistulis
831 2232 987 2299 Tiberius
1009 2253 1079 2299 rno-

97 2335 204 2402 nebat
233 2336 361 2404 rediret
384 2336 430 2404 sd
452 2337 624 2404 decretum
646 2336 866 2424 triumphum:
906 2339 990 2404 satis
1011 2339 1081 2402 iam

97 2449 296 2524 eventuum,
329 2442 414 2507 sotis
438 2461 586 2508 casuum.
631 2462 793 2527 prospera
815 2439 868 2507 illi
900 2449 932 2506 et
954 2461 1080 2526 magna

95 2541 244 2628 proelia:
268 2564 534 2631 eorumquoque
556 2545 778 2627 meminisset,
817 2563 904 2630 quae
928 2545 1023 2610 venti
1047 2553 1080 2609 et
1108 2567 1134 2606 ιο

95 2645 229 2730 fluctus,
252 2644 347 2712 nulla
370 2645 466 2714 ducis
490 2645 608 2734 eulpa,
631 2649 752 2732 gravia
782 2657 896 2714 tamen
920 2656 953 2714 et
977 2669 1081 2714 saeva

98 2748 224 2816 damna
248 2749 453 2818 intulissent
488 2773 523 2817 se
545 2752 687 2818 noviens
719 2749 842 2817 adivo
866 2749 1022 2836 Augusto
1046 2752 1082 2818 in

98 2848 318 2919 Germaniam
345 2855 484 2922 missum
510 2855 609 2941 plura
638 2853 779 2920 consilio
812 2876 918 2941 quam
945 2855 981 2922 vi
1007 2876 1081 2941 per·

97 2955 233 3022 fecisse.
257 2958 305 3023 sie
322 2954 528 3042 Sugambros
551 2959 586 3024 in
604 2957 810 3026 deditionem
834 2967 1008 3044 acceptos,
1031 2959 1080 3024 sic

98 3057 228 3126 Suebos
257 3079 436 3147 regemque
464 3059 711 3128 Maroboduum
743 3082 830 3147 pece
869 3060 1080 3128 obstrictum.
1108 3083 1133 3123 15

96 3184 198 3248 posse
232 3171 266 3228 et
294 3160 482 3230 Obernsccs
518 3173 725 3250 ceterosque,
743 3162 919 3234 rebellium
948 3172 1078 3249 gentes,

98 3268 260 3354 quoniam
279 3266 452 3334 Romanae
480 3266 602 3336 ultioni
625 3266 816 3334 consultum
839 3277 946 3350 esset,
976 3268 1080 3333 inter·

96 3372 151 3437 nis
169 3369 350 3437 discordiis
373 3370 528 3457 relinqui.
551 3380 712 3457 precante
728 3368 932 3438 Germanico
955 3391 1081 3436 annum

97 3471 287 3542 efficiendis
316 3475 463 3560 coeptis,
493 3475 605 3540 acrius
628 3472 830 3540 modestiam
857 3474 928 3540 eius
959 3471 1080 3556 adgre-

100 3578 194 3646 ditur
227 3575 372 3646 altcrum
395 3576 608 3645 consulatum
632 3575 815 3662 offerendo,
842 3575 937 3642 cuius
965 3577 1081 3642 mimis
1109 3599 1135 3642 so
