2500 4084
258 284 303 337 sa
321 283 485 344 excussu
503 284 665 348 sucossi
680 285 726 338 rr.
745 285 855 336 sr-ss.
981 283 1041 370 195

65 517 102 560 se
125 494 309 578 imaginem
331 515 455 576 veram,
479 493 621 559 caelesti
645 493 818 576 sanguine
835 501 959 575 ortam,
994 494 1042 558 in·

63 597 228 682 tellegere
252 595 444 679 discrimen,
469 597 641 682 suscipere
666 595 792 662 sordes.
816 597 944 664 frustra
967 596 1043 662 Pul·

64 701 184 766 chram
212 698 416 786 praescribi,
440 701 494 764 cui
518 698 591 764 sola
614 699 710 764 exitii
740 721 845 766 causa
869 701 928 783 sit,
957 700 1046 786 quod
1074 723 1098 764 rs

65 804 290 891 Agrippinam
324 802 427 869 stulte
458 824 596 889 prorsus
630 801 676 868 ad
709 802 836 868 cultum
872 802 1044 886 delegerit,

65 906 175 972 oblite
199 905 317 972 Sosiae
341 905 383 972 ob
407 905 525 972 eadem
549 905 718 972 adflictae.
741 906 860 972 audita
883 906 968 972 haec
992 929 1045 973 ra*

64 1033 139 1076 ram
163 1009 288 1076 occulti
311 1011 456 1096 pectoris
471 1031 588 1076 vocem
612 1008 767 1093 elicuere,
791 1019 1046 1097 correptamque

65 1112 201 1179 Graeco
225 1136 325 1180 versu
353 1112 527 1179 admonuit
556 1137 623 1178 nou
647 1113 723 1179 ideo
746 1112 851 1197 laedi,
876 1115 953 1200 quia
977 1137 1045 1180 non

64 1227 238 1302 regnaret.
283 1216 430 1283 Pulchra
465 1227 498 1283 et
527 1216 675 1283 Furnius
705 1217 917 1283 damnantur.
963 1217 1045 1283 Afer
1073 1246 1099 1284 ro

63 1319 271 1407 primoribus
288 1332 457 1388 oratorum
480 1321 629 1403 additus,
654 1320 829 1406 divulgato
853 1322 989 1405 ingenio
1013 1332 1047 1387 et

66 1434 188 1490 secuta
211 1423 470 1490 adseveratione
486 1421 655 1508 Caesaris,
680 1447 745 1512 qua
769 1447 828 1492 suo
852 1426 924 1494 iure
940 1425 1046 1491 diser·

65 1540 139 1594 tum
162 1550 236 1594 eum
259 1527 454 1615 appellavit.
477 1551 556 1596 mox
578 1529 798 1616 capessendis
821 1530 1045 1595 accusationi·

65 1632 130 1698 bus
155 1642 215 1697 aut
236 1654 311 1697 reos
328 1631 470 1698 tutando
485 1634 696 1719 prosperiore
718 1632 931 1719 eloquentiae
947 1655 1046 1718 quam

64 1758 196 1802 morum
219 1736 310 1802 fama
332 1737 411 1821 fuit,
446 1739 512 1804 nisi
536 1736 626 1824 quod
654 1747 750 1803 aetas
780 1747 932 1803 extrema
959 1735 1041 1801 mul·
1070 1759 1096 1804 rs

63 1850 139 1906 tum
162 1840 264 1904 etiam
285 1837 497 1926 eloquentiae
521 1838 681 1928 dempsit,
711 1838 790 1908 dum
819 1839 909 1908 fessa
927 1849 1045 1905 'mente

65 1944 193 2009 retinet
216 1941 341 2009 silentii
365 1943 610 2029 inpatientiam.

171 2045 223 2109 53.
247 2045 292 2111 At
308 2045 498 2131 Agrippina
520 2047 681 2132 pervicax
697 2047 768 2112 irae
792 2056 824 2112 et
840 2045 956 2112 morbo
973 2070 1045 2113 cor-

66 2151 160 2234 poris
185 2149 359 2234 inplicata,
382 2169 457 2214 cunr
479 2149 606 2215 viseret
630 2172 704 2216 eam
726 2148 872 2234 Caesar,
900 2153 1045 2237 profusis
1147 2145 1149 2150 ¹

68 2251 128 2316 diu
156 2273 197 2317 ac
225 2273 285 2338 per
313 2251 483 2317 silentium
518 2251 683 2335 lacrimis,
715 2273 794 2318 mox
822 2253 985 2321 invidiam
1012 2267 1047 2322 et

67 2377 188 2442 preces
219 2356 365 2423 orditur:
388 2355 583 2423 subveniret
606 2356 796 2440 solitudini,
828 2358 925 2424 daret
947 2363 1046 2425 mari-

67 2471 156 2542 tum3
184 2457 332 2526 habilem
360 2459 471 2526 adhuc
500 2462 671 2526 iuventam
700 2458 782 2544 sibi,
815 2482 923 2547 neque
953 2462 1085 2530 aliuds

68 2561 183 2648 probis
206 2584 306 2648 quam
329 2587 372 2628 ex
386 2565 600 2630 matrimonio
616 2563 794 2649 solacium3
818 2586 892 2630 esse
915 2567 950 2630 in
965 2569 1046 2632 civi-

69 2676 141 2732 tate
171 2668 323 2751 insignes
351 2669 457 2752 viros,
492 2670 547 2754 qui
576 2666 771 2734 Germanioi
799 2669 977 2753 coniugem
1006 2696 1046 2738 ac

70 2769 195 2836 liberos
219 2772 290 2835 eius
313 2773 461 2858 recipere
485 2771 716 2855 dignarentur.
747 2771 807 2836 sed
830 2770 958 2842 Caesar
980 2799 1047 2841 non

72 2875 225 2957 ignarus,
260 2883 422 2960 quantum
456 2897 499 2940 ex
538 2897 574 2940 re
615 2874 751 2961 publica
785 2886 970 2963 peteretur,
1004 2905 1047 2947 ne

73 2985 185 3041 tamen
209 2976 400 3044 offensionis
425 2987 484 3044 aut
506 2989 614 3043 metus
631 2978 830 3046 manifestus
854 2980 950 3066 foret,
974 2986 1047 3050 sine
1075 3008 1099 3048 ro

73 3102 231 3166 responso
253 3103 454 3167 quamquam
484 3083 668 3150 instantem
690 3082 837 3170 reliquit.
862 3085 897 3151 id
920 3108 997 3172 ego,
1028 3113 1048 3155 a

74 3183 291 3271 scriptoribus
326 3185 500 3252 annalium
532 3208 600 3252 nou
634 3187 813 3270 traditum,
849 3194 979 3276 repperi
1013 3195 1047 3260 in

73 3289 322 3355 commentariis
339 3288 548 3376 Agrippinae
571 3289 671 3372 filiae,
695 3311 782 3376 quae
797 3290 940 3358 Neronis
958 3298 1047 3380 prin·

74 3392 155 3478 cipis
179 3401 288 3457 mater
310 3394 414 3460 vitam
439 3414 534 3463 suam
558 3401 590 3458 et
614 3414 712 3460 casus
738 3415 872 3460 suorum
902 3402 1045 3483 posteris

73 3496 277 3562 memoravit.
