2534 4084
305 278 351 330 AB
370 275 532 329 EXGESSU
552 273 711 326 AUGUSTI
729 273 750 325 1.
771 273 847 324 2-4.
1042 270 1063 336 3

75 492 246 556 vergere:
268 468 367 552 filius,
391 466 523 552 collega
539 466 682 552 imperii,
706 485 843 529 consors
860 462 1063 529 tribuniciae

77 574 268 660 potestatis
285 571 473 637 adsumitur
489 569 661 655 omnisque
682 589 743 654 per
758 568 927 633 exercitus
951 576 1063 633 osten·

78 687 191 759 tatur,
213 698 281 742 non
304 675 467 757 obscuris,
490 683 528 739 ut
549 682 666 755 antea,
695 672 815 737 matris
838 671 979 755 artibus,
1003 669 1063 738 sed
1090 683 1116 724 ²⁰

78 779 202 866 palam
224 779 370 844 hortatu.
393 800 474 843 nam
497 799 610 842 senem
635 775 827 860 Augustum
862 775 1063 841 devinxerat

80 884 190 966 adeo,
220 885 270 947 uti
296 891 452 968 nepotem
485 881 621 946 unicum
648 879 834 965 Agrippam
869 880 1063 945 Postumum

80 988 119 1050 in
143 984 292 1051 insulam
307 985 502 1052 Planasiam
515 985 704 1070 proiecerit,
727 981 845 1049 rudem
861 1005 943 1049 sane
958 982 1062 1048 bona-

80 1112 162 1155 rum
192 1089 316 1153 artium
349 1097 382 1153 et
416 1087 535 1153 robore
567 1088 717 1174 corporis
752 1085 874 1152 stolide
907 1085 1062 1169 ferocem,

82 1191 214 1258 nullius
238 1200 350 1256 tamen
372 1191 493 1275 flagitii
516 1200 721 1276 conpertum.
757 1199 793 1255 at
821 1189 957 1256 hercule
980 1187 1061 1256 Ger·
1089 1197 1115 1240 ²⁵

81 1296 258 1360 manicam
278 1293 390 1359 Druso
415 1302 523 1359 ortum
546 1302 621 1360 octo
645 1293 736 1380 apud
750 1293 902 1361 Rhenum
923 1293 1062 1378 legioni-

81 1398 151 1463 bus
175 1399 323 1484 inposuit
349 1397 542 1484 adscirique
564 1420 624 1483 per
646 1397 862 1484 adoptionem
884 1421 905 1464 a
925 1397 1062 1463 Tiberio

82 1503 203 1585 iussit,
237 1522 438 1588 quamquam
472 1494 562 1566 esset
604 1502 640 1565 in
674 1500 771 1568 domo
805 1500 933 1569 Tiberii
972 1501 1062 1567 filius

82 1607 229 1688 iuvenis,
264 1603 324 1670 sed
357 1626 421 1690 quo
443 1604 596 1691 pluribus
630 1607 844 1672 munimentis
878 1606 1061 1672 insisteret.

81 1707 215 1776 bellum
237 1731 276 1774 ca
300 1716 502 1794 tempestate
528 1707 659 1774 nullum
692 1710 757 1774 nisi
792 1708 955 1775 adversus
979 1705 1058 1773 Ger·
1088 1717 1115 1756 ³⁰

83 1833 206 1878 manos
240 1821 421 1898 supererat,
457 1810 646 1878 abolendae
682 1813 792 1896 magis
825 1812 986 1878 infamiae
1019 1813 1061 1879 ob

83 1917 249 1982 amissum
269 1938 346 1981 cum
369 1914 534 1998 Quintilio
555 1914 648 1981 Varo
673 1917 858 1981 exercitum
881 1937 982 2002 quam
1006 1939 1061 1983 cu·

84 2019 203 2107 pidine
217 2016 408 2105 proferendi
424 2019 555 2105 imperii
571 2029 632 2085 aut
648 2019 787 2104 dignum
806 2019 848 2086 ob
863 2013 1059 2105 praemium.

86 2124 178 2190 domi
201 2145 256 2188 res
278 2121 496 2209 tranquillae,
527 2123 646 2189 eadem
678 2125 937 2209 magistratuum
961 2145 1061 2188 voca·

84 2225 184 2310 bula3
200 2227 345 2292 iuniores
360 2234 437 2313 post
451 2225 631 2292 Actiacam
643 2228 828 2310 victoriam,
845 2229 949 2292 etiam
965 2251 1061 2294 senes
1088 2253 1114 2292 ss

84 2328 237 2415 plerique
264 2329 353 2394 inter
374 2327 466 2394 bella
494 2331 620 2397 civium
647 2332 737 2396 nati:
770 2340 890 2417 quotus
920 2333 1062 2418 quisque

85 2431 245 2517 reliquus,
269 2433 326 2518 qui
349 2454 418 2498 rem
440 2431 611 2518 publicam
634 2433 799 2500 vidisset?

189 2532 220 2598 4.
243 2534 354 2620 Igitur
376 2557 473 2602 verso
497 2537 648 2603 civitatis
678 2547 770 2604 statu
802 2537 887 2603 nihil
919 2560 1062 2626 usquam

85 2639 190 2725 prisci
212 2646 246 2704 et
273 2640 398 2723 integri
427 2641 547 2706 moris:
577 2662 690 2706 omnes
720 2652 823 2708 exuta
852 2641 1061 2729 aequalitate

84 2743 180 2808 iussa
202 2741 364 2827 principis
388 2753 574 2829 aspectare,
597 2743 692 2810 nulla
715 2747 750 2811 in
772 2768 935 2832 praesens
949 2746 1061 2814 formi-

87 2846 175 2928 dine,
193 2843 270 2912 dum
282 2843 455 2931 Augustus
473 2857 587 2913 aetate
602 2847 736 2916 validus
753 2872 856 2937 seque
878 2860 912 2916 et
928 2850 1062 2917 domum

84 2959 121 3015 et
155 2947 294 3034 pacem'
320 2952 535 3016 sustentavit.
579 2963 757 3039 postquam
793 2963 956 3040 provecta
992 2957 1060 3022 iam
1100 2975 1114 3016 s

87 3059 242 3117 senectus
270 3072 374 3136 aegro
409 3063 442 3118 et
470 3075 608 3141 corpore
634 3056 848 3141 fatigabatur
875 3057 1061 3147 aderatque

86 3155 163 3221 finis
187 3163 219 3220 et
235 3177 310 3242 spes
326 3178 444 3241 novae,
467 3161 569 3244 pauci
584 3159 674 3226 bona
690 3159 859 3228 libertatis
874 3165 911 3229 in
925 3186 1062 3229 cassum

88 3257 263 3341 disserere,
296 3257 409 3345 plures
447 3259 570 3328 bellum
602 3285 802 3349 pavescere,
835 3266 893 3332 alii
927 3288 1059 3352 cupere.

87 3382 165 3448 pars
198 3360 304 3426 multo
344 3366 492 3430 maxima
532 3367 728 3433 inminentis
769 3367 921 3436 dominos
954 3369 1058 3433 variis

88 3464 274 3530 rumoribus
298 3464 513 3535 differebant:
543 3479 672 3536 trucem
693 3469 881 3559 Agrippam
903 3481 937 3537 et
965 3473 1058 3557 igno»
1087 3491 1112 3530 ro

89 3568 189 3634 minia
206 3589 385 3635 accensum
397 3592 463 3636 non
475 3581 588 3638 aetate
604 3595 712 3659 neque
726 3597 838 3641 rerum
850 3575 1060 3662 experientia

960 3710 991 3767 ιθ
