2530 4084
200 307 263 374 110
309 309 482 364 oonnnnn
500 312 1033 383 nno1n1nsnxcsssunuousr1
1051 315 1095 369 11.
1112 317 1166 367 ss.

197 499 311 566 hostes
328 524 405 568 sues
421 501 551 568 ulcisci.
568 524 633 589 qua
650 502 759 588 gloria
775 504 944 590 aequabat
961 527 997 570 se
1016 503 1204 572 Tiberius

195 605 317 689 priscis
332 606 600 693 imperatoribus,
613 608 669 693 qui
683 629 848 674 venenum
860 609 894 673 in
906 607 1048 694 Pyrrum
1063 632 1205 696 regem

196 717 375 775 vetuerant
405 711 700 797 prodiderantque.
723 720 873 778 ceterum
896 710 1089 778 Arminius·
1104 716 1200 781 abs-

145 837 171 876 ro
197 811 394 878 cedentibus
424 814 583 880 Romanis
614 824 646 880 et
674 814 771 900 pulso
794 814 1001 881 Maroboduo
1032 838 1202 901 regnum

197 913 375 982 adfectans
399 917 592 983 libertatem
614 917 825 1004 popularium
841 917 1022 985 adversam
1044 919 1201 1004 habuit,

196 1020 514 1106 petitusquelarmis
537 1044 613 1086 cum
635 1023 731 1086 varia
755 1023 891 1087 fortuna
914 1031 1075 1106 certaret,
1107 1024 1199 1090 dolo

196 1127 458 1212 propinquorum
480 1127 621 1192 cecidit:
656 1126 820 1192 liberator
849 1125 1068 1192 hauddubie
1098 1126 1199 1194 Ger-

197 1231 330 1295 maniae
355 1240 388 1296 et
410 1232 466 1316 qui
488 1253 555 1296 non
578 1230 762 1317 primordia
778 1230 893 1317 populi
908 1230 1060 1312 Romani,
1093 1233 1197 1297 sicut

142 1354 171 1394 rs
198 1332 257 1398 alii
280 1354 377 1418 reges
402 1333 583 1420 ducesque,
612 1333 673 1398 sed
694 1334 965 1399 florentissimum
999 1335 1197 1418 imperium

197 1435 403 1522 lacessierit,
431 1438 569 1524 proeliis
600 1437 793 1522 ambiguus,
830 1437 920 1503 bello
954 1458 1022 1502 non
1050 1437 1194 1504 victus.

197 1550 324 1626 septem
341 1551 373 1607 et
389 1543 534 1626 triginta
550 1564 657 1607 annos
674 1543 776 1624 vitae,
802 1541 978 1606 duodecim
999 1544 1195 1625 potentiae

197 1645 362 1731 explevit,
386 1647 584 1733 caniturque
608 1646 717 1711 adhuc
739 1644 906 1711 barbaras
931 1644 1021 1730 apud
1043 1655 1193 1730 gentes,

197 1746 404 1816 Graecorum
426 1749 605 1816 annalibus
629 1751 774 1834 ignotus,
795 1750 852 1834 qui
875 1771 936 1814 sua
958 1756 1093 1813 tantum
1118 1753 1193 1814 mi-

144 1869 170 1910 20
195 1863 325 1939 rantur,
339 1854 500 1920 Romanis
517 1854 607 1920 haud
622 1852 762 1941 perinde
785 1851 939 1936 celebris,
964 1852 1042 1918 dum
1056 1865 1191 1919 vetera

197 1956 388 2023 extollimus
410 1959 597 2024 recentium
620 1958 789 2023 incuriosi.
