2534 4084
212 289 233 350 2
565 284 738 336 CORNELII
758 283 881 335 TACITI

174 496 187 536 5
213 481 378 546 triumviri
394 479 528 544 nomine
544 475 715 542 consulem
728 498 763 539 se
779 475 890 540 ferens
914 483 947 540 et
963 474 1008 539 ad
1024 475 1203 540 tuendam

211 581 343 670 plebem
354 582 535 647 tribunicio
548 582 619 646 iure
632 588 837 662 contentum,
851 579 908 644 ubi
921 578 1063 644 militem
1079 577 1200 661 donis,
1256 631 1257 646 ,

211 685 371 774 populum
394 708 545 769 annona,
569 693 709 749 cunctos
743 681 921 748 dulcedine
950 683 1010 747 otii
1038 680 1204 767 pellexit,

214 793 389 874 insurgere
410 787 592 874 paulatim,
615 789 730 852 munia
760 795 907 857 senatus,
926 786 1205 869 magistratuum

214 893 328 977 legum
351 895 387 957 in
411 915 445 956 se
469 891 617 975 trahere,
640 888 732 955 nullo
757 889 976 972 aduersante,
1006 911 1083 952 cum
1106 887 1205 951 fero-

165 1012 191 1050 10
217 997 345 1060 cissimi
379 1019 438 1081 per
471 996 563 1060 acies
604 1004 663 1059 aut
696 994 942 1080 proscriptione
978 990 1205 1073 cecidissent,

217 1100 319 1164 ceteri
348 1097 526 1180 nobilium,
561 1106 687 1183 quanto
723 1098 796 1182 quis
827 1092 964 1161 servitio
998 1097 1204 1181 promptior,

218 1201 335 1288 opibus
360 1210 392 1266 et
407 1200 589 1265 honoribus
607 1199 849 1266 extollerentur
864 1220 905 1263 ac
920 1199 1017 1263 noris
1034 1221 1077 1263 ex
1092 1197 1205 1263 rebus

218 1307 310 1371 aucti
333 1314 408 1370 tuta
432 1314 466 1370 et
479 1306 673 1390 praesentia
697 1325 798 1389 quam
813 1312 929 1369 vetera
953 1313 987 1368 et
1002 1300 1205 1388 periculosa

217 1408 368 1474 mallent.
413 1431 521 1495 neque
558 1408 753 1494 provinciae
790 1405 885 1472 illum
922 1428 1033 1472 rerum
1069 1414 1206 1471 statum

167 1528 193 1569 1⁵
219 1513 423 1596 abnuebant,
448 1521 602 1598 suspecto
627 1520 764 1578 senatus
787 1511 967 1597 populique
989 1511 1128 1595 imperio
1154 1509 1205 1574 ob

220 1618 406 1682 certamina
433 1617 622 1703 potentium
655 1624 689 1679 et
712 1616 894 1680 avaritiam
923 1616 1205 1698 magistratuum,

185 1767 188 1782 ,
220 1720 370 1786 invalido
393 1719 505 1803 legum
521 1717 660 1801 auxilio,
685 1739 772 1804 quae
793 1719 837 1801 vi,
861 1716 1000 1800 ambitu,
1023 1726 1203 1802 postremo

221 1825 364 1910 pecunia
388 1822 623 1888 turbabantur.

234 1947 236 1952 ’
324 1925 355 1991 3.
390 1924 547 1992 Ceterum
574 1923 750 2010 Augustus
786 1924 939 1992 subsidia
974 1922 1205 1988 dominationi

222 2029 403 2097 Claudium
416 2028 614 2094 Marcellum
637 2031 760 2096 sororis
783 2028 889 2094 filium
911 2025 1091 2093 admodum
1114 2025 1206 2092 adu-

222 2134 406 2199 lescentem
435 2133 635 2218 pontificatu
664 2141 697 2197 et
725 2131 833 2198 curuli
862 2130 1056 2215 aedilitate,
1078 2131 1122 2196 M.
1155 2130 1205 2196 A·

224 2239 394 2323 grippam,
418 2234 603 2320 ignobilem
624 2235 713 2318 loco,
737 2235 862 2301 bonum
890 2234 1013 2301 militia
1037 2244 1069 2299 et
1092 2235 1204 2300 victo-

186 2341 297 2406 ⁵riae
325 2340 469 2422 socium,
494 2340 673 2422 geminatis
703 2338 934 2405 consulatibus
965 2337 1096 2421 extulit,
1118 2361 1207 2404 mox

226 2443 382 2509 defuncto
398 2441 559 2510 Marcello
582 2464 741 2526 generum
765 2445 923 2529 sumpsit3
943 2443 1115 2509 Tiberium
1134 2441 1205 2508 Ne-

225 2569 340 2612 ronem
362 2555 394 2611 et
417 2544 597 2614 Claudium
613 2547 763 2614 Drusum
779 2549 953 2634 privignos
976 2547 1206 2632 imperatoriis

225 2650 415 2716 nominibus
451 2652 720 2735 auxit,integra
754 2653 857 2716 etiam
892 2659 963 2715 tum
997 2649 1093 2715 domo
1126 2669 1205 2714 sua.

227 2777 306 2820 nam
322 2756 452 2837 genitos
465 2753 618 2840 Agrippa
631 2751 754 2820 Gaium
770 2776 811 2819 ac
826 2752 970 2838 Lucium
985 2754 1022 2817 in
1036 2749 1206 2818 familiam

176 2878 201 2918 ιο
227 2857 412 2923 Caesarum
435 2856 628 2941 induxerat,
651 2857 796 2924 necdum
817 2859 930 2943 posita
957 2854 1078 2942 puerili
1104 2875 1204 2940 prae·

227 2969 324 3026 texta
346 2961 515 3046 principes
531 2961 716 3027 iuventutis
740 2959 913 3048 appellari,
938 2959 1100 3026 destinari
1122 2978 1205 3023 con-

231 3063 320 3129 sules
351 3065 464 3149 specie
497 3067 687 3130 recusantis
720 3064 983 3149 flagrantissime
1017 3062 1204 3148 cupiverat.

228 3176 266 3234 ut
281 3165 432 3253 Agrippa
454 3168 527 3232 vita
550 3170 732 3252 concessit,
755 3168 899 3234 Lucium
920 3165 1101 3232 Gaesarem
1123 3184 1204 3228 eun-

230 3282 295 3339 tem
315 3270 360 3338 ad
383 3271 620 3359 Hispaniensis
647 3273 832 3354 exercitus,
856 3268 981 3335 Gaium
998 3274 1204 3335 remeantem

179 3393 205 3434 1⁶
230 3377 391 3443 Armenia
421 3386 453 3443 et
476 3375 616 3442 vulnere
637 3373 825 3441 invalidum
852 3395 941 3439 mors
969 3372 1040 3437 fato
1062 3392 1203 3456 propera

230 3481 286 3548 vel
297 3502 463 3548 novercae
474 3479 596 3546 Liviae
609 3477 706 3545 dolus
721 3476 874 3560 abstulit,
886 3474 1064 3562 Drusoque
1075 3472 1204 3561 pridem

232 3587 400 3654 exstincto
415 3583 503 3650 Nero
528 3581 617 3648 solus
642 3605 659 3647 e
682 3581 846 3668 privignis
870 3588 953 3663 erat,
977 3578 1056 3646 illuc
1080 3587 1203 3643 cuncta
