2534 4084
271 947 877 1124 ARGUMENTA.

196 1288 273 1355 Lib.
307 1291 333 1355 l.
369 1293 425 1377 qui
460 1291 696 1378 complectitur
731 1292 813 1358 duos
848 1314 955 1359 anuos
995 1302 1073 1379 post

90 1394 264 1460 Christum
297 1405 414 1461 natum
448 1396 539 1461 XIV.
575 1407 609 1462 et
630 1395 706 1461 XV.

197 1495 279 1583 Cap.
305 1498 333 1562 1.
355 1498 526 1564 Praefatio
550 1498 681 1583 brevis3
704 1509 813 1566 status
837 1503 886 1566 rei
901 1502 1073 1568 Romanae

92 1613 174 1668 ante
191 1601 391 1687 Augustum.
408 1639 448 1650 -
466 1602 496 1668 2.
514 1605 583 1669 eius
600 1614 692 1669 artes
706 1614 738 1670 ct
753 1606 810 1671 via
827 1603 872 1670 ad
888 1605 1071 1690 imperium.

91 1742 133 1753 -
157 1705 189 1769 3.
212 1707 299 1773 varii
316 1706 358 1772 ab
376 1728 414 1772 eo
432 1706 594 1774 destinati
610 1729 833 1774 successores.
859 1744 896 1754 -
913 1706 944 1770 4.
961 1716 1072 1773 status

91 1833 205 1878 rerum
219 1821 254 1877 et
269 1811 407 1877 affectus
424 1812 547 1878 civium
563 1813 748 1898 imperante
764 1810 929 1895 Auguste.
945 1810 1072 1878 iudicia

93 1915 136 1981 de
152 1914 416 1981 successoribus.
432 1950 474 1959 -
489 1916 519 1980 5.
535 1913 712 1999 Augustus
726 1913 834 1980 Nolae
849 1915 999 2000 moritur,
1016 1937 1071 1980 ae-

46 2053 49 2058 2
92 2019 182 2084 citur
198 2017 244 2082 ad
260 2019 507 2085 successionem
522 2017 689 2084 Tiberius.
706 2054 747 2064 —-
763 2016 792 2081 6.
810 2017 933 2083 caedes
949 2016 1071 2104 Agrip-

91 2144 155 2207 pae
170 2122 322 2186 Postumi
337 2124 372 2187 in
389 2121 499 2188 insula
521 2121 693 2187 Planasia.
711 2160 752 2168 —
770 2120 799 2186 7.
815 2122 940 2187 Romae
957 2143 1070 2187 omnes

92 2227 126 2290 in
157 2225 331 2290 servitium
363 2235 480 2309 ruunt3
514 2223 642 2290 Tiberii
671 2223 798 2291 callida
831 2226 1003 2290 cunctatio
1035 2234 1068 2289 et

93 2327 329 2394 dissimulatio.
353 2363 396 2374 -
418 2327 448 2393 8.
472 2337 712 2396 testamentum
735 2328 881 2412 Augusti
912 2338 946 2393 et
968 2326 1070 2393 hono·

91 2455 145 2498 res
178 2432 293 2498 eximii
323 2433 357 2497 in
387 2433 512 2502 funere.
540 2465 583 2479 -··
612 2430 632 2496 9
668 2443 700 2498 et
726 2432 775 2497 10.
810 2430 1071 2517 imprudentium

91 2546 125 2602 et
148 2535 366 2623 prudentium
388 2536 516 2603 iudicia
541 2537 582 2602 dc
605 2537 758 2622 Augusto
780 2536 921 2602 multum
946 2534 1070 2601 discre-

89 2643 220 2726 pantia.
251 2675 291 2686 -
326 2641 375 2704 11.
403 2638 560 2706 Tiberius
590 2643 762 2727 imperium
790 2638 931 2706 subdole
960 2642 1071 2706 renuit

90 2752 235 2826 urgente
259 2750 387 2808 senatu.
411 2744 632 2808 rationarium
655 2744 795 2829 imperii.
820 2779 860 2788 —
886 2742 926 2806 12
961 2752 993 2808 et
1019 2743 1071 2808 13.

89 2846 212 2910 Asinio
248 2847 356 2911 iratus
389 2846 555 2928 Tiberius,
589 2867 668 2912 mox
702 2844 882 2928 Arruntio,
916 2846 1069 2930 Haterio,

90 2948 230 3014 Scauro.
254 2982 297 2993 -
321 2947 370 3013 14.
394 2959 533 3015 senatus
557 2948 712 3016 adulatio
743 2951 777 3015 in
800 2949 945 3032 Liviam,
970 2973 991 3016 a
1013 2951 1068 3016 Ti·

89 3052 184 3118 berio
216 3060 413 3138 temperata.
443 3087 485 3100 —-
509 3052 559 3118 15.
588 3055 727 3120 comitia
756 3076 774 3119 e
803 3075 922 3139 campo
944 3055 1070 3122 Martio

90 3156 137 3222 ad
158 3165 276 3242 patres
303 3155 483 3222 translata.
528 3156 600 3224 ludi
623 3156 840 3242 Augustales
864 3195 906 3206 -
931 3156 1066 3224 16-30.

91 3260 216 3326 seditio
252 3261 352 3325 trium
380 3260 652 3327 Pannonicorum
685 3259 856 3344 legionum
880 3262 984 3343 (VIII.
1008 3264 1068 3327 IX.

88 3364 191 3448 XV.),
215 3387 235 3429 a
258 3364 443 3430 Percennio
467 3367 649 3432 concitata.
688 3367 759 3430 eius
785 3365 967 3431 seditiosae
990 3387 1067 3430 con-

88 3471 210 3534 tiones.
245 3469 392 3534 furentes
421 3467 545 3534 milites
568 3467 711 3534 Blaesus
740 3471 886 3535 retinere
915 3477 1068 3533 conatur.

87 3571 261 3655 legatione
291 3570 337 3636 ad
364 3571 548 3657 principem
579 3571 716 3637 decreta
747 3571 916 3637 modicum
951 3572 1065 3637 otium.

1251 3463 1253 3508 l

1251 3543 1252 3570 l

1251 3581 1252 3618 l
