2552 4084
305 318 350 369 ΔΒ
369 316 532 370 Excusso
551 316 711 370 AUGUSTI
729 316 765 366 IL
786 317 863 369 2-6.
1028 315 1069 380 59

84 512 176 577 certi
192 509 360 595 solutique
385 517 417 573 et
433 509 542 593 magis
561 507 632 574 sine
650 507 783 572 domino
802 529 902 592 quam
917 509 953 573 in
968 506 1069 574 liber·

86 621 164 680 tate
185 613 365 698 profugum
387 612 552 677 Vononen
574 612 610 676 in
632 632 774 696 regnum
798 612 982 697 accipiunt.
1007 611 1068 678 sed
1097 626 1122 665 1⁰

87 717 149 782 ubi
172 717 324 781 minitari
347 714 543 780 Artabanus
567 725 600 781 et
628 737 747 800 parum
777 714 920 780 subsidii
949 716 984 780 in
1007 713 1069 779 Ar-
1137 715 1154 770 l

87 821 223 904 meniis,
244 819 309 903 vel,
341 821 369 884 si
392 827 508 884 nostra
531 821 566 884 vi
591 818 839 900 defenderetur,
861 816 987 883 bellum
1011 819 1069 884 ad-

89 945 211 990 versus
249 922 394 988 Parthos
433 923 631 989 sumendum
670 931 760 1006 erat,
796 930 909 986 rector
950 919 1068 987 Suriae

90 1026 247 1094 Creticus
270 1025 406 1092 Silanus
430 1026 577 1092 excitum
598 1026 755 1092 custodia
778 1025 979 1108 circumdat,
1001 1048 1070 1090 ma·

90 1141 196 1197 nente
223 1130 307 1196 luxu
341 1140 374 1196 et
401 1132 495 1214 regio
525 1133 669 1196 nomine.
705 1130 793 1215 quod
826 1128 1010 1194 ludibrium
1033 1139 1069 1193 ut
1098 1151 1123 1191 1⁵

94 1236 244 1320 effugere
267 1235 451 1318 agitaverit
473 1233 643 1310 Vonones,
668 1234 703 1298 in
726 1232 800 1298 loco
824 1232 1013 1299 reddemus.

195 1337 226 1404 5.
261 1337 419 1402 Ceterum
441 1335 578 1403 Tiberio
612 1336 705 1401 haud
737 1338 909 1420 ingratum
944 1336 1072 1402 accidit

90 1442 223 1510 turbari
257 1463 311 1506 res
347 1440 513 1523 Orientis,
546 1449 583 1504 ut
618 1462 657 1504 ea
693 1441 804 1525 specie
833 1437 1072 1505 Germanicum

95 1549 201 1614 suetis
231 1544 422 1629 legionibus
451 1543 666 1608 abstraheret
695 1545 858 1628 novisque
885 1544 1071 1628 provinciis

91 1652 274 1737 inpositum
292 1647 367 1714 dolo
390 1647 489 1712 simul
513 1656 545 1711 ct
570 1646 706 1711 casibus
724 1646 920 1712 obiectaret.
944 1655 980 1710 at
1003 1645 1071 1729 ille,

91 1761 219 1840 quanto
245 1753 377 1817 acriora
411 1753 446 1815 in
476 1773 551 1815 eum
575 1751 689 1816 studia
717 1750 862 1815 militum
891 1759 923 1815 et
948 1773 1069 1817 aversa
1098 1773 1110 1812 s

88 1859 205 1944 patrui
217 1855 386 1937 voluntas,
404 1853 606 1920 celerandae
617 1856 781 1919 victoriae
798 1856 970 1939 intentior,
982 1864 1071 1920 trac-

91 1973 165 2027 tare
189 1958 393 2047 proeliorum
409 1961 483 2024 vias
507 1968 542 2025 et
564 1980 650 2044 quae
674 1958 739 2022 sibi
762 1959 898 2022 tertium
923 1959 990 2022 iam
1014 1981 1071 2023 an-

89 2088 170 2130 num
204 2063 421 2148 belligeranti
456 2085 559 2128 saeva
587 2061 642 2127 vel
675 2083 838 2147 prospera
868 2064 1072 2129 evenissent.

89 2167 190 2234 fundi
214 2165 403 2232 Germanos
427 2168 501 2231 acie
525 2175 558 2232 et
582 2167 682 2231 iustis
705 2165 801 2246 locis,
829 2166 941 2231 iuvari
966 2166 1072 2251 silvis,

89 2270 293 2358 paludibus,
327 2270 424 2335 brevi
462 2279 594 2335 aestate
629 2279 661 2334 et
694 2280 912 2355 praematura
946 2270 1070 2353 hieme3
1097 2291 1122 2330 10

92 2397 190 2439 suum
205 2372 346 2438 militem
361 2373 452 2439 haud
466 2373 607 2459 perinde
623 2373 819 2438 vulneribus
836 2396 934 2459 quam
951 2376 1072 2459 spatiis

92 2481 271 2561 itinerum,
307 2477 427 2542 damno
452 2499 621 2542 armorum
655 2476 773 2559 adfici3
806 2477 916 2541 fessas
940 2475 1072 2542 Gallias

90 2581 327 2648 ministrandis
344 2581 454 2667 equis3
469 2579 606 2664 longum
622 2580 935 2665 impedimentorum
952 2601 1072 2664 agmen

93 2695 317 2772 opportunum
350 2683 396 2748 ad
424 2683 584 2766 insidias,
620 2682 877 2748 defensantibus
912 2684 1072 2768 iniquum.

94 2798 129 2854 at
154 2790 183 2853 si
206 2809 299 2853 mare
323 2789 477 2869 intretur,
499 2797 688 2873 promptam
716 2789 798 2872 ipsis
821 2789 1068 2872 possessionem
1096 2804 1120 2843 1⁵

94 2901 126 2956 et
150 2889 304 2957 hostibus
328 2893 489 2974 ignotam,
514 2889 613 2954 simul
636 2889 763 2954 bellum
778 2892 944 2955 maturius
967 2892 1070 2976 incipi

93 2995 312 3080 legionesque
335 3003 368 3059 et
392 3003 598 3059 commeatus
630 2994 759 3080 pariter
781 2993 875 3077 vehi3
903 2994 1073 3077 integrum

94 3099 240 3184 equitem
280 3119 447 3183 equosque
486 3119 546 3183 per
580 3118 639 3162 ora
680 3105 713 3161 et
752 3095 868 3161 alveos
902 3097 1073 3163 fluminum

93 3200 207 3267 media
230 3203 264 3265 in
290 3199 473 3266 Germania
496 3201 578 3266 fore.

198 3303 228 3369 6.
250 3304 361 3387 Igitur
382 3304 447 3369 huc
470 3304 626 3387 intendit,
650 3305 763 3369 missis
787 3303 832 3369 ad
855 3324 976 3368 census
993 3301 1073 3367 Gal-

94 3410 219 3475 liarum
239 3409 275 3474 Ρ.
298 3407 440 3475 Vitellio
465 3416 497 3472 et
521 3406 559 3473 O.
584 3407 697 3476 Antio.
744 3404 847 3472 Silius
872 3416 903 3472 et
927 3407 1072 3472 Anteius

96 3522 128 3578 et
151 3510 301 3578 Caecina
323 3510 547 3578 fabricandae
570 3509 673 3575 classi
695 3520 957 3596 praeponuntur.
980 3509 1074 3575 mille

96 3637 199 3682 naves
222 3613 377 3682 sufficere
400 3614 495 3682 usae
516 3622 799 3700 properateeque,
829 3611 918 3678 aliae
940 3612 1071 3695 breves,
