2530 4084
244 321 291 370 All
310 319 472 372 EXCESSU
490 319 648 372 AUGUSTI
667 321 716 370 Ill.
736 321 845 371 att-43.
971 320 1031 383 137

51 512 268 598 primoribus,
294 515 350 599 qui
373 512 479 578 tulere
504 512 677 594 auxilium,
701 533 764 596 quo
782 510 1033 576 dissimularent

51 616 278 681 defectionem
295 617 470 702 magisque
487 618 520 680 in
538 626 686 701 tempore
710 615 875 680 efferrent.
901 623 1030 699 specta-

52 729 108 783 tus
133 728 169 783 et
192 717 351 785 Sacrovir
373 720 501 784 intecto
525 719 637 804 capite
659 739 808 804 pugnam
829 740 888 803 pro
912 717 1031 782 Roma·
1062 733 1085 771 10

51 824 106 886 nis
124 823 229 906 ciens,
247 821 480 906 ostentandae,
496 809 689 905 utl‘erebat,
705 823 856 886 virtutis:
881 820 940 886 sed
956 842 1033 906 cap·

53 927 127 1008 tivi,
157 947 198 990 ne
226 927 448 991 incesseretur
476 924 563 1009 telis,
589 924 863 1008 adgnoscendum
881 947 915 989 se
937 947 1032 1012 prae-

50 1027 169 1094 buisse
208 1027 406 1113 arguebant.
453 1028 626 1094 consultus
668 1050 767 1113 super
806 1049 843 1093 eo
877 1026 1032 1093 Tiberius

52 1141 255 1218 aspernatus
271 1141 322 1197 est
338 1133 500 1198 indicium
512 1132 661 1221 aluitque
675 1130 886 1197 dubitatione
897 1130 1032 1195 bellum.

157 1235 373 1302 salutarim
400 1235 522 1301 Florus
552 1238 708 1301 insistere
740 1235 935 1318 destinatis,
964 1235 1032 1321 pel·

52 1340 157 1405 liuere
180 1339 270 1404 alam
300 1341 462 1426 equitum,
493 1363 578 1427 quae
607 1341 801 1425 conscripta
836 1337 1032 1403 eTreveris

52 1442 175 1509 militia
201 1442 446 1529 disciplinaque
469 1454 586 1509 nostra
615 1441 822 1526 habebatur,
857 1451 894 1506 ut
923 1443 1032 1506 caesis

52 1546 322 1630 negotiatoribus
337 1547 496 1612 Romanis
519 1546 644 1612 bellum
667 1548 845 1632 inciperet3
868 1547 1033 1632 paucique

55 1653 205 1736 equitum
227 1653 385 1739 corrupti,
409 1652 520 1738 plures
545 1654 579 1716 in
603 1651 712 1716 officio
735 1673 899 1717 mansere.
939 1651 1032 1715 aliud
1060 1678 1071 1718 s

56 1754 179 1838 vulgus
198 1754 432 1820 obaeratorum
448 1763 506 1820 aut
523 1754 697 1820 clientium
713 1777 806 1820 arma
823 1755 928 1840 cepit3
944 1764 1034 1840 pete·

53 1857 204 1944 bantque
242 1858 366 1942 saltus,
404 1858 522 1946 quibus
560 1880 680 1923 nomen
727 1857 923 1941 Arduenna,
958 1879 1032 1922 cum

54 1961 207 2046 legiones
230 1972 369 2047 utroque
393 1962 436 2027 ab
460 1964 622 2045 exercitu,
647 1983 730 2047 quas
753 1960 915 2026 Visellius
939 1971 972 2026 et
995 1958 1032 2024 C.

56 2063 158 2129 Silius
194 2064 347 2130 adversis
384 2064 559 2130 itineribus
591 2063 802 2149 obiecerant,
842 2073 1032 2130 arcuerunt.

54 2170 323 2254 praemissusque
357 2190 432 2234 cum
461 2167 593 2234 delecta
622 2191 724 2232 manu
745 2167 850 2233 Iulius
877 2167 980 2232 indus
1016 2190 1033 2232 e
1060 2197 1086 2236 10

56 2273 196 2336 civitate
220 2271 348 2355 eadem,
373 2271 502 2337 discors
528 2271 630 2336 Floro
662 2282 693 2336 et
719 2271 760 2336 ob
785 2271 820 2336 id
853 2271 1032 2337 navandae

56 2395 177 2461 operae
215 2374 364 2458 avidior,
403 2375 612 2440 inconditam
646 2374 755 2440 adhuc
784 2374 1033 2440 multitudinem

57 2477 200 2544 disiecit.
227 2476 347 2543 Florus
365 2481 503 2544 incertis
520 2477 661 2544 latebris
677 2481 823 2545 victores
840 2479 1032 2561 frustratus,

55 2592 224 2665 postremo
258 2583 340 2647 visis
363 2581 542 2663 militibus,
578 2585 634 2668 qui
669 2582 791 2666 effugia
828 2579 1031 2663 insederant,

56 2707 116 2749 sua
138 2707 242 2749 manu
264 2686 398 2750 cecidit.
423 2687 516 2771 isque
531 2684 703 2751 Treverici
727 2684 886 2750 tumultus
909 2683 996 2748 finis.
1061 2713 1085 2750 15

160 2786 213 2852 43.
237 2787 337 2874 Apud
351 2787 486 2853 Aeduos
510 2790 617 2854 maior
631 2788 736 2853 moles
754 2799 882 2873 exorta,
907 2800 1032 2874 quanto

57 2892 181 2955 civitas
211 2890 400 2976 opulentior
434 2901 467 2956 et
496 2893 736 2978 comprimendi
764 2893 880 2978 procul
906 2895 1033 2978 praesi-

56 2992 157 3058 dium.
191 2993 472 3078 Augustodunum
494 3004 594 3082 caput
619 2997 729 3079 gentis
754 2997 893 3061 armatis
918 2997 1032 3061 cohor-

56 3095 146 3160 tibus
171 3093 329 3162 Saerovir
352 3108 577 3183 occupaverat
601 3108 634 3163 et
657 3098 903 3164 nobilissimam
927 3096 1033 3163 Galli·

56 3222 151 3264 arum
175 3198 335 3284 subolem,
358 3199 556 3266 liberalibus
581 3201 702 3267 studiis
725 3201 774 3266 ibi
790 3212 971 3287 operatam,
995 3213 1033 3267 ut
1059 3229 1072 3268 s

57 3325 93 3366 eo
116 3303 259 3388 pignore
287 3313 446 3390 parentes
475 3307 744 3391 propinquosque
773 3327 887 3370 eorum
915 3305 1032 3370 adiun-

58 3413 170 3488 geret,
194 3405 291 3471 simul
315 3428 409 3472 arma
434 3407 565 3474 occulte
588 3408 759 3473 fabricata
782 3409 949 3473 iuventuti
967 3407 1032 3472 dis-

57 3510 169 3593 pertit.
215 3508 442 3594 quadraginta
465 3511 559 3577 milia
582 3512 690 3595 fuere,
714 3513 831 3597 quinta
862 3513 913 3575 sui
934 3519 1032 3596 parte

57 3610 254 3695 legionariis
278 3615 397 3696 armis,
428 3616 533 3679 ceteri
556 3635 632 3680 eum
654 3614 831 3679 venabulis
856 3623 888 3679 et
912 3614 1030 3680 cultris
