2552 4084
270 277 315 326 AB
334 277 498 344 Excusso
515 275 674 332 AUGUSTI
692 279 713 330 1.
732 278 842 332 65-68.
1004 277 1044 341 47

60 485 161 552 cibos
188 483 379 551 dividentes
396 482 546 547 funestas
571 482 728 549 tenebras
753 495 786 549 et
803 494 852 550 tot
876 485 1047 552 hominum

59 589 203 655 milibus
226 610 329 652 unum
351 587 420 651 iarn
449 586 615 678 reliquum
644 586 733 653 diem
761 587 1045 654 lamentabantur.
1073 607 1100 648 aa

169 691 222 758 66.
246 691 350 757 Forte
379 712 481 776 equus
513 690 666 778 abruptis
695 691 839 757 vinculis
874 713 983 775 vagus
1014 704 1047 758 et

61 799 215 864 clamore
232 798 368 862 territus
392 794 554 881 quosdam
570 797 819 860 occurrentium
842 794 1046 861 obturbavit.

62 913 165 967 tanta
194 900 274 966 inde
302 899 532 963 consternatio
562 899 730 984 inrupisse
758 895 945 963 Germanos
976 923 1046 964 cre·
1113 965 1117 970 ,

63 1005 235 1085 dentium,
269 1012 306 1066 ut
340 1003 454 1066 cuncti
488 1012 624 1066 ruerent
654 1001 698 1066 ad
737 1011 867 1087 portas,
908 1025 1047 1088 quarum

63 1109 255 1173 decumana
278 1106 424 1170 maxime
447 1103 635 1191 petebatur,
667 1127 786 1170 aversa
816 1105 905 1170 hosti
934 1115 967 1170 et
997 1107 1045 1171 fu·
1073 1137 1086 1176 5

65 1209 240 1294 gientibus
270 1209 384 1276 tutior.
429 1205 578 1272 Caecina
613 1218 781 1293 comperto
816 1229 939 1274 vanarn
973 1232 1047 1274 esse

64 1310 290 1394 formidinem,
324 1333 400 1374 cum
428 1319 542 1374 tamen
570 1332 678 1396 neque
707 1311 910 1377 auctoritate
939 1336 1047 1400 neque

65 1414 241 1504 precibus,
264 1436 307 1479 ne
329 1436 431 1480 manu
459 1414 593 1500 quidem
623 1413 786 1478 obsistere
815 1423 872 1478 aut
901 1419 1047 1482 retinere

66 1521 211 1586 militem
235 1521 354 1605 quiret,
377 1521 545 1605 proiectus
569 1519 603 1582 in
626 1517 741 1583 limine
769 1528 886 1604 portae
909 1522 1046 1586 misera-

66 1627 158 1690 tione
183 1625 325 1705 demum,
350 1625 428 1709 quia
450 1645 509 1709 per
531 1643 650 1709 corpus
673 1621 779 1707 legati
803 1623 946 1690 eundum
963 1636 1046 1708 erat,
1074 1653 1099 1692 ιο

65 1728 190 1794 clausit
213 1729 319 1792 viam:
351 1725 449 1791 simul
479 1726 605 1791 tribuni
628 1737 662 1791 et
684 1729 897 1792 centuriones
925 1728 1048 1793 falsum

66 1855 228 1918 pavorem
251 1853 324 1896 esse
349 1830 543 1896 docuerunt.

169 1934 222 1999 67.
246 1935 341 2000 Tunc
371 1943 565 1999 contractos
600 1937 634 1999 in
672 1936 838 2021 principia
873 1938 1047 2022 iussosque

67 2040 162 2106 diota
186 2063 263 2106 cum
293 2039 427 2103 silentio
459 2039 613 2124 accipere
642 2039 801 2124 temporis
830 2062 871 2103 ac
900 2041 1046 2104 necessi·

67 2146 149 2210 tatis
172 2152 420 2212 monet..unam
442 2143 477 2205 in
499 2143 601 2205 annis
625 2141 783 2224 salutern,
815 2142 874 2206 sed
904 2165 944 2207 ea
968 2164 1046 2207 con-

67 2247 143 2312 silio
161 2246 383 2332 temperanda
397 2245 664 2330 manendumque
680 2248 769 2310 intra
785 2245 921 2330 vallum,
939 2246 1045 2311 donec

68 2351 289 2438 expugnandi
312 2351 426 2415 hostes
451 2372 508 2435 spe
530 2351 666 2435 propius
697 2349 934 2432 succederent3
967 2373 1047 2414 mox
1073 2377 1086 2416 5

66 2456 217 2542 undique
251 2453 504 2540 erumpendum:
538 2451 598 2517 illa
627 2455 799 2538 eruptione
828 2453 874 2517 ad
896 2453 1047 2518 Rhenum

67 2561 249 2646 perveniri.
274 2558 363 2644 quod
385 2560 414 2622 si
436 2558 603 2641 fugerent,
633 2556 737 2643 pluris
768 2556 883 2640 silvas,
912 2557 1046 2642 profun-

69 2664 129 2729 das
155 2665 265 2746 magis
288 2662 438 2748 paludes,
474 2663 652 2726 saevitiam
674 2660 821 2727 hostium
857 2683 1046 2747 superesse3

69 2777 104 2832 at
120 2765 308 2831 victoribus
333 2765 434 2830 decus
452 2765 604 2848 gloriam.
629 2788 714 2850 quac
731 2765 820 2829 domi
845 2787 936 2846 cara,
961 2787 1046 2852 quae

68 2870 248 2933 incastris
272 2868 424 2949 honesta,
448 2878 627 2950 memorat;
651 2870 786 2932 reticuit
811 2867 852 2931 dc
882 2867 1045 2932 adversis.
1075 2891 1099 2928 ro

68 2994 170 3059 equos
195 2969 326 3052 dehine,
351 2992 445 3035 orsus
470 2993 490 3034 a
511 2972 590 3053 suis,
613 2970 802 3054 legatorum
824 2969 1047 3035 tribunorum-

68 3097 130 3162 que
164 3072 259 3140 nulla
293 3073 476 3142 ambitione
511 3073 693 3138 fortissimo
728 3075 848 3159 cuique
889 3072 1047 3139 bellatori

68 3179 183 3261 tradit,
207 3188 244 3243 ut
266 3177 311 3261 hi,
335 3199 414 3242 mox
435 3177 537 3263 pedes
562 3179 596 3240 in
619 3177 749 3242 hostem
772 3175 982 3243 invaderent.

171 3280 223 3347 68.
247 3281 350 3347 Haud
372 3283 481 3346 minus
505 3283 635 3367 inquies
653 3279 841 3346 Germanus
866 3304 932 3367 spe,
957 3282 1046 3366 cupi·

69 3386 146 3452 dine
169 3395 204 3451 et
228 3385 369 3450 diversis
388 3384 509 3450 dueum
533 3387 709 3450 sententiis
733 3385 870 3469 agebat,
893 3384 1044 3449 Arminio

69 3493 218 3556 sinerent
240 3489 357 3574 egredi
380 3509 599 3576 egressosque
629 3511 759 3555 rursmn
787 3511 847 3575 per
869 3486 983 3553 umida
1012 3497 1045 3551 et

69 3593 218 3680 inpedita
252 3594 532 3672 circumvenirent
566 3593 744 3676 suadente,
783 3595 952 3659 atrociora
990 3588 1044 3652 In-
