2552 4084
211 315 252 385 38
540 317 713 371 oosusuu
731 317 853 370 usc1r1

313 507 365 574 54.
393 509 488 576 Idem
516 531 625 577 annus
659 531 767 575 novas
797 511 1020 575 caerimonias
1056 509 1218 595 accepit

210 613 328 680 addito
353 613 519 680 sodalium
540 614 779 699 Augustalium
801 614 1004 698 sacerdotio,
1025 623 1065 678 ut
1087 635 1217 700 quon-

212 717 288 784 dum
311 717 407 784 Titus
430 717 549 784 Tatius
572 718 759 785 retinendis
782 716 983 784 Sabinorum
1006 719 1123 782 saeris
1155 740 1217 781 so-

212 819 305 886 dales
329 818 437 886 Titios
461 822 667 887 instituerat.
712 832 803 886 sorte
826 820 918 886 ducti
939 821 966 885 'e
988 821 1215 906 primoribus

175 937 187 978 ⁶
217 923 368 990 civitatis
397 945 481 990 unus
513 934 546 990 et
574 926 714 1009 viginti:
747 924 903 990 Tiberius
931 924 1141 1010 Drususque
1177 935 1217 990 et

212 1027 374 1094 Claudius
397 1037 430 1094 et
455 1025 676 1094 Germanicus
707 1028 911 1094 adiciuntur.
954 1026 1051 1092 ludos
1075 1026 1214 1112 Augu-

214 1130 316 1198 stales
341 1142 421 1197 tuno
443 1133 587 1219 primum
616 1141 752 1218 coeptos
775 1130 926 1197 turbavit
950 1129 1132 1196 discordia
1163 1154 1214 1196 ex

212 1236 396 1302 certamine
418 1235 630 1301 histrionum.
653 1234 842 1300 indulserat
865 1236 896 1299 ei
918 1233 1049 1300 ludicro
1073 1232 1210 1318 Augu-

211 1349 292 1422 stus,
317 1338 395 1404 dum
410 1337 603 1404 Maecenati
627 1337 836 1423 obtemperat
862 1338 964 1402 effuso
986 1339 1020 1401 in
1042 1357 1212 1402 amorem

160 1465 184 1506 ro
211 1441 377 1528 Bathylli;
412 1463 518 1529 neque
548 1443 619 1527 ipse
655 1440 860 1506 abhorrebat
896 1439 1021 1506 talibus
1056 1439 1209 1522 studiis,

211 1554 244 1612 et
260 1544 360 1612 civile
376 1545 515 1612 rebatur
532 1546 666 1610 misceri
682 1543 912 1630 voluptatibus
924 1542 1028 1628 vulgi.
1051 1541 1126 1608 alia
1142 1543 1210 1608 Ti·

209 1649 303 1716 berio
326 1671 454 1716 morum
476 1649 551 1715 via:
576 1647 635 1713 sed
650 1646 807 1734 populum
830 1669 890 1733 per
911 1656 962 1712 tot
979 1667 1084 1711 annos
1108 1646 1208 1711 mol-

211 1753 289 1820 liter
311 1752 463 1819 habitum
486 1751 634 1817 nondum
653 1750 802 1817 audebat
826 1750 871 1815 ad
894 1750 1031 1816 duriora
1046 1759 1208 1816 vertere.

312 1853 364 1922 55.
387 1855 498 1921 Druso
515 1853 662 1921 Caesare
678 1852 716 1918 O.
732 1853 891 1919 Norbano
916 1852 1108 1918 oonsulibus
1141 1853 1207 1919 de-

211 1961 361 2026 cernitur
377 1956 579 2024 Germanico
596 1957 783 2044 triumphus
798 1966 955 2022 manente
970 1955 1077 2038 bello3
1099 1958 1207 2041 quod

211 2084 410 2150 quamquam
433 2063 468 2127 in
491 2070 656 2127 aestatem
679 2083 806 2126 summa
831 2083 892 2146 ope
914 2059 1068 2146 parabat,
1091 2060 1205 2125 initio

210 2169 300 2234 veris
325 2178 358 2232 et
388 2168 565 2252 repentino
594 2168 629 2230 in
659 2163 802 2230 Chattos
833 2187 979 2230 excursu
1005 2166 1204 2250 praecepit.

172 2292 184 2332 o
210 2293 289 2338 nam
313 2293 388 2357 spes
405 2271 593 2336 incesserat
609 2268 773 2334 dissidere
796 2267 926 2334 hostem
950 2270 984 2333 in
1000 2265 1200 2332 Arminium

212 2399 252 2442 ao
285 2373 474 2459 Segestem,
505 2374 672 2457 insignem
699 2383 875 2459 utrumque
906 2370 1047 2457 pertidia
1069 2370 1103 2432 in
1129 2390 1203 2435 nos

212 2489 270 2545 aut
292 2476 371 2543 fide.
402 2476 574 2542 Arminius
606 2475 762 2542 turbator
785 2473 998 2558 Germaniae,
1030 2471 1201 2555 Segestes

211 2582 325 2668 parari
342 2579 560 2645 rebellionem
576 2601 677 2665 saepe
694 2578 779 2644 alias
803 2588 836 2643 et
854 2600 1005 2664 supremo
1023 2575 1200 2661 convivio,

212 2693 287 2771 post
310 2683 399 2771 quod
427 2684 579 2748 inerma
612 2685 704 2766 itum,
738 2681 870 2768 aperuit
904 2683 1075 2766 suasitque
1097 2679 1200 2745 Varo

160 2811 185 2851 ro
211 2798 248 2854 ut
278 2810 314 2853 se
344 2796 377 2852 et
399 2786 588 2852 Arminium
617 2796 651 2852 et
682 2795 811 2852 ceteros
843 2807 1005 2872 proceres·
1030 2784 1199 2848 vinciret:

211 2890 296 2958 nihil
326 2913 483 2956 ausuram
515 2887 648 2976 plebem
677 2889 886 2976 principibus
921 2890 1060 2972 amotis3
1090 2895 1199 2974 atque

213 2997 279 3082 ipsi
300 3004 430 3081 tempus
454 2995 536 3078 fore,
560 3017 624 3082 quo
648 2995 790 3060 crimina
816 3003 849 3060 et
878 2995 1034 3059 innoxios
1066 2991 1196 3057 discer-

212 3109 317 3164 neret.
354 3098 415 3163 sed
437 3097 548 3162 Varus
570 3098 641 3164 fato
673 3109 706 3164 et
728 3100 762 3163 vi
785 3098 931 3164 Arminii
960 3096 1104 3163 cecidit:
1135 3094 1195 3160 Se-

213 3213 329 3287 gestes
341 3224 542 3288 quamquam
557 3224 723 3268 consensu
739 3204 849 3286 gentis
866 3204 901 3267 in
919 3200 1045 3267 bellum
1060 3208 1193 3264 tractus

162 3329 186 3367 ιι
214 3305 343 3370 discors
362 3303 532 3387 manebat,
550 3307 660 3370 auctis
678 3307 838 3390 privatim
856 3304 954 3387 odiis,
974 3303 1064 3389 quod
1082 3303 1193 3368 Armi·
1268 3355 1269 3414 p

212 3413 287 3476 nius
301 3409 407 3474 filiam
423 3411 493 3474 eius
505 3408 564 3474 alii
578 3420 714 3496 pactam
730 3417 905 3495 rapuerat:
929 3429 1032 3493 gener
1052 3409 1191 3492 invisus,
1268 3415 1269 3510 l

212 3514 369 3580 inimicus
393 3515 517 3598 soceri,
549 3535 700 3602 quaeque
723 3513 813 3601 apud
841 3511 1027 3580 concordes
1055 3514 1191 3579 vincula
1268 3519 1269 3600 l

214 3617 381 3700 caritatis,
405 3619 626 3681 incitamenta
649 3619 775 3681 irarum
798 3615 888 3701 apud
910 3616 1059 3682 infensos
1082 3629 1190 3684 erant.

1268 3721 1269 3760 ι
