2500 4084
290 297 335 348 AB
355 297 519 350 EXOESSU
537 296 696 350 AUGUSTI
714 298 759 351 Vl,
779 298 855 353 5-s.
992 297 1053 362 221

57 487 198 552 habita
222 484 335 552 Seiani
359 489 525 571 amicitia3
550 488 638 553 unde
662 487 728 552 illis
745 491 852 554 maior
874 489 1057 554 miseratio.

61 600 200 656 contra
228 591 383 656 Tiberius
410 592 608 677 praecipuos
638 591 682 657 ad
712 591 842 657 scelera
879 593 1058 678 increpans

60 695 254 761 admonuit
277 693 313 760 Ο.
337 693 487 761 Cestium
510 705 641 782 patrem
670 695 782 760 dicere
811 697 944 761 senatui
973 718 1059 783 quae

63 799 143 864 sibi
169 801 372 886 scripsisset,
397 802 612 886 suscepitque
635 798 769 866 Cestius
794 801 1056 866 accusationem.
1085 819 1110 858 1⁵

63 904 167 989 quod
191 905 337 968 maxime
361 903 536 969 exitiabile
564 903 673 969 tulere
702 902 762 968 illa
784 912 952 988 tempora,
982 926 1057 970 cum

62 1008 238 1091 primores
255 1025 258 1028 ·
274 1016 409 1073 senatus
446 1009 576 1072 infimas
612 1009 715 1073 etiam
744 1005 932 1072 delationes
963 1030 1056 1072 exer-

63 1120 204 1195 cerent,
228 1109 288 1176 alii
309 1109 501 1196 propalam,
525 1108 623 1175 multi
646 1131 706 1195 per
730 1108 911 1193 occultum3
948 1132 1056 1197 neque

65 1214 286 1280 discerneres
310 1214 439 1280 alienos
464 1238 484 1280 a
508 1215 712 1294 coniunctis,
743 1214 870 1278 amicos
894 1213 937 1278 ab
961 1215 1055 1297 igno·

63 1319 136 1400 tis,
172 1317 251 1402 quid
273 1339 392 1402 repens
416 1327 475 1382 aut
498 1326 669 1382 vetustate
693 1315 887 1382 obscurum:
916 1316 1055 1402 perinde
1083 1337 1108 1376 20

65 1422 106 1485 in
133 1422 222 1503 foro,
246 1423 280 1485 in
304 1422 476 1506 convivio,
511 1443 644 1507 quaqua
671 1421 712 1486 de
735 1443 771 1486 re
793 1420 897 1486 locuti
922 1421 1053 1485 incusa-

65 1524 209 1607 bantur,
233 1534 270 1589 ut
293 1527 366 1609 quis
389 1526 588 1609 praevenire
613 1535 761 1589 atreum
786 1524 956 1589 destinare
979 1545 1053 1610 pro·

66 1636 187 1712 perat,
211 1649 289 1713 pars
314 1629 359 1692 ad
381 1627 569 1693 subsidium
592 1629 658 1710 sui,
681 1627 794 1713 plures
816 1627 933 1691 infecti
957 1628 1053 1712 quasi

66 1728 271 1795 valetudine
295 1742 328 1796 et
351 1739 520 1796 contactu.
557 1730 617 1796 sed
639 1731 806 1795 Minucius
830 1740 863 1795 et
886 1729 1052 1796 Servaeus

70 1835 229 1900 damnati
252 1834 421 1901 indicibus
438 1857 623 1901 accessere.
647 1837 814 1921 tractique
839 1844 917 1899 sunt
940 1835 974 1898 in
997 1855 1052 1898 oa·
1079 1859 1105 1898 es

69 1961 148 2002 sum
178 1937 320 2004 eundem
349 1938 454 2004 Iulius
478 1938 660 2004 Africanus
691 1962 708 2003 e
732 1937 892 2003 Santonis
916 1934 1052 2003 Gallica

69 2044 232 2126 civitate,
257 2041 354 2108 Seius
378 2043 592 2124 Quadratus:
623 2043 786 2125 originem
815 2062 881 2105 non
910 2045 1051 2128 repperi.

68 2167 180 2230 neque
198 2168 271 2210 sum
294 2148 431 2229 ignarus
456 2169 476 2210 a
499 2145 668 2232 plerisque
693 2143 912 2230 scriptoribus
930 2147 1052 2212 omissa

69 2248 251 2315 multorum
273 2249 425 2335 pericula
449 2259 483 2314 et
504 2270 642 2335 poenas,
667 2248 746 2313 dum
768 2249 866 2334 copia
889 2248 1051 2314 fatiscunt

69 2363 130 2419 aut
138 2404 147 2437 ,
182 2353 372 2439 quaeipsis
396 2355 500 2419 nimia
524 2363 557 2418 et
580 2361 711 2417 maesta
734 2351 884 2434 fuerant,
914 2375 956 2416 ue
978 2355 1051 2438 pari
1078 2377 1104 2415 eo

70 2457 188 2523 taedio
211 2457 358 2522 lecturos
382 2457 567 2522 adficerent
581 2465 753 2521 verentur:
776 2454 874 2520 nobis
890 2454 1051 2541 pleraque

71 2560 178 2646 digna
208 2561 347 2646 cognitu
379 2561 563 2642 obvenere,
592 2581 794 2646 quamquam
821 2557 865 2623 ab
895 2557 971 2623 aliis
1002 2560 1050 2622 in·

69 2663 255 2729 celebrata.

175 2767 205 2831 8.
227 2767 315 2833 Nam
339 2790 379 2832 ea
401 2777 614 2854 tempestate,
638 2789 703 2853 qua
728 2766 843 2832 Seiani
866 2765 1051 2830 amicitiam

70 2872 178 2937 ceteri
206 2870 292 2936 falso
323 2881 503 2954 exuerant,
539 2894 638 2936 ausus
675 2880 727 2935 est
756 2893 856 2956 eques
879 2871 1049 2936 Romanus

69 2975 115 3040 M.
139 2974 337 3058 Terentius,
368 2973 409 3040 ob
434 2975 470 3039 id
493 2998 585 3058 reus,
609 2973 779 3060 amplecti,
803 2974 958 3040 adhunc
981 2997 1050 3038 mo·

72 3078 151 3144 dum
186 3079 276 3164 apud
311 3088 465 3144 senatum
499 3078 678 3143 ordiendo:
711 3075 881 3144 ‘fortunae
915 3077 1050 3164 quidem

70 3204 165 3247 meae
193 3182 338 3247 fortasse
368 3183 477 3246 minus
509 3180 669 3266 expediat
692 3180 901 3264 adgnoscere
924 3183 1049 3246 crimen
1076 3225 1089 3264 5

72 3308 171 3371 quam
188 3285 353 3351 abnuere:
377 3286 438 3350 sed
461 3295 640 3370 utcumque
657 3307 780 3350 casura
801 3307 855 3349 res
881 3293 943 3366 est,
965 3284 1049 3347 fate-

69 3389 131 3453 bor
155 3398 187 3453 et
211 3388 315 3454 luisse
338 3412 391 3454 me
415 3387 536 3453 Seiano
561 3389 720 3470 amioum,
744 3397 777 3452 et
801 3398 838 3453 ut
861 3409 969 3452 essem
992 3409 1047 3450 ex·

70 3494 207 3578 petisse,
231 3501 264 3556 et
287 3502 466 3579 postquam
483 3491 625 3577 adeptus
650 3507 742 3556 eram
756 3490 931 3556 laetatum.
955 3488 1048 3554 vide·

71 3618 141 3660 ram
175 3593 341 3679 collegam
369 3597 475 3680 patris
504 3594 663 3678 regendis
691 3597 872 3680 praetoriis
903 3593 1047 3658 cohorti-
