2552 4084
235 281 275 344 76
565 279 738 331 CORNELII
756 279 878 329 raom

233 471 295 536 sub
318 469 508 535 nominibus
531 470 682 535 honestis
706 469 872 535 confessio
888 469 1048 534 vitiorum
1072 477 1104 534 et
1123 469 1207 534 simi·
1265 491 1266 494 ¹

182 591 207 632 aa
232 572 340 639 litudo
357 572 566 638 audientium
590 572 695 638 dedit.
719 572 892 638 adiecerat
914 582 947 637 et
962 571 1122 637 Tiberius
1146 594 1208 637 non

233 675 269 741 id
283 685 413 763 tempus
431 696 597 741 censurae
612 699 686 760 nec,
704 677 732 740 si
749 674 830 762 quid
846 677 880 741 in
896 675 1047 741 moribus
1065 674 1208 758 labaret,

233 779 425 845 defuturum
448 779 642 864 corrigendi
666 787 848 844 auctorem.

335 881 385 947 34.
409 882 504 948 Inter
519 904 606 969 quae
617 882 657 948 L.
673 884 752 948 Piso
771 881 933 950 ambitum
948 883 1022 968 fori,
1047 891 1207 967 corrupta

234 985 369 1070 iudicia,
395 988 575 1053 saevitiam
598 996 768 1052 oratorum
792 988 1028 1053 accusationes
1051 989 1209 1052 minitan-

232 1094 315 1157 tium
338 1093 530 1177 increpans,
554 1089 649 1156 abire
672 1114 708 1157 se
733 1100 766 1157 et
789 1091 910 1158 cedere
924 1091 1018 1177 urbe,
1041 1091 1209 1157 victurum
1266 1115 1267 1150 ÷

234 1197 268 1259 in
303 1194 414 1280 aliquo
450 1194 568 1260 abdito
604 1203 636 1261 et
671 1192 855 1281 longinquo
889 1217 966 1261 rure
1000 1195 1210 1276 testabatur3

193 1334 206 1374 5
233 1297 331 1363 simul
354 1299 483 1363 curiam
505 1297 728 1384 relinquebat.
759 1307 944 1365 commotus
969 1309 1019 1364 est
1042 1297 1209 1382 Tiberius,

233 1411 266 1467 et
290 1423 491 1488 quamquam
507 1401 645 1467 mitibus
668 1402 781 1468 verbis
797 1403 953 1468 Pisonem
967 1403 1210 1488 permulsisset,
1266 1427 1267 1432 ¹

232 1507 435 1593 propinquos
459 1527 589 1593 quoque
613 1507 684 1572 eius
708 1506 839 1594 impulit
862 1515 900 1572 ut
924 1505 1106 1572 abeuntem
1136 1529 1210 1571 aue-

232 1612 372 1676 toritate
394 1611 451 1676 vel
473 1610 629 1697 precibus
652 1619 818 1678 tenerent.
862 1610 955 1677 haud
977 1613 1088 1676 minus
1112 1609 1211 1676 liberi

233 1713 359 1779 doloris
385 1713 621 1780 documentum
650 1713 738 1780 idem
761 1715 839 1780 Piso
863 1736 942 1780 mox
971 1713 1064 1780 dedit
1089 1725 1211 1779 vocata

183 1853 207 1892 ,ο
233 1819 268 1884 in
292 1819 344 1882 ius
366 1816 572 1900 Urgulania,
597 1838 696 1902 quam
721 1838 821 1903 supra
844 1816 938 1903 leges
967 1818 1121 1882 amicitia
1146 1817 1211 1882 Au-

234 1929 354 2005 gustae
378 1920 556 1986 extulerat.
580 1942 642 1986 nee
667 1930 725 1985 aut
741 1920 931 2005 Urgulania
955 1921 1213 2006 obtemperavit,

233 2026 268 2090 in
299 2024 432 2091 domum
454 2023 614 2090 Caesaris
644 2033 757 2111 spreto
780 2025 903 2090 Pisone
925 2033 1043 2109 vecta,
1072 2033 1132 2090 aut
1157 2024 1213 2090 ille

234 2128 410 2209 abscessit,
427 2149 629 2214 quamquam
645 2128 802 2214 Augusta
819 2150 855 2195 se
870 2128 993 2195 violari
1010 2138 1042 2194 et
1060 2129 1213 2194 imminui

234 2241 439 2318 quereretur.
468 2230 625 2298 Tiberius
648 2231 813 2298 hactenus
837 2232 1013 2317 indulgere
1035 2233 1139 2297 matri
1169 2233 1213 2298 ci·

183 2370 208 2410 15
233 2335 302 2401 vile
324 2345 429 2418 ratus,
452 2344 490 2400 ut
514 2358 549 2401 se
573 2339 698 2402 iturum
720 2337 765 2402 ad
780 2337 947 2423 praetoris
970 2335 1131 2418 tribunal,
1157 2335 1214 2400 ad-

233 2440 381 2505 futurum
420 2437 631 2523 Urgulaniae
673 2440 817 2523 diceret,
859 2442 1025 2526 processit
1067 2438 1213 2521 Palatio,
1267 2463 1268 2514 l

233 2542 349 2628 procul
385 2544 480 2627 sequi
511 2545 613 2610 iussis
647 2543 823 2608 militibus.
854 2542 1074 2631 spectabatur
1097 2564 1212 2607 oecur-

234 2655 331 2711 sante
354 2645 475 2731 populo
499 2649 705 2733 compositus
737 2667 793 2712 ore
817 2656 849 2711 et
874 2645 1083 2712 sermonibus
1108 2648 1212 2712 variis

233 2759 365 2835 tempus
390 2758 491 2835 atque
514 2750 581 2815 iter
605 2750 743 2833 ducens,
769 2749 875 2815 donee
898 2749 1097 2837 propinquis
1120 2750 1212 2814 Piso-

183 2886 208 2925 20
233 2873 310 2916 nem
325 2851 451 2917 frustra
464 2851 698 2918 coercentibus
716 2852 837 2918 deferri
853 2851 1009 2938 Augusta
1025 2855 1213 2938 pecuniam,

235 2975 320 3040 quae
349 2954 545 3040 petebatur,
574 2955 717 3022 iuberet.
763 2959 857 3044 isque
880 2956 956 3022 finis
979 2957 1044 3039 rei,
1080 2978 1125 3021 ex
1148 2978 1213 3043 qua

233 3080 341 3145 neque
364 3059 441 3124 Piso
466 3058 631 3142 inglorius
662 3069 695 3125 et
717 3057 847 3126 Caesar
868 3061 996 3125 maiore
1024 3059 1118 3124 fama
1141 3061 1212 3125 fuit.

234 3170 384 3226 ceterum
406 3161 618 3246 Urgulaniae
646 3163 799 3248 potentia
829 3162 914 3228 adeo
938 3164 1044 3228 nimia
1079 3163 1213 3229 civitati

235 3271 318 3348 erat,
334 3274 371 3328 ut
389 3265 486 3329 testis
504 3267 538 3328 in
555 3287 659 3331 eausa
676 3265 832 3352 quadam,
849 3287 936 3351 quae
951 3265 1042 3352 apud
1059 3277 1215 3332 senatum

183 3401 208 3442 25
233 3367 461 3449 tractabatur,
483 3370 600 3433 venire
617 3368 875 3454 dedignaretur:
897 3371 1020 3436 missus
1043 3380 1095 3435 est
1118 3393 1215 3456 prae-

235 3478 299 3553 tor,
323 3471 380 3556 qui
404 3469 493 3534 domi
516 3472 760 3556 interrogaret,
783 3493 860 3538 curn
883 3474 1032 3556 virgines
1054 3472 1215 3540 Vestales
