2500 4084
205 291 266 357 182
531 289 704 342 CORNELII
722 290 845 341 raom

150 499 176 539 2⁵
202 502 312 566 gnere.
356 481 465 548 Marci
488 481 662 549 Ciceronis
684 482 785 566 libro,
810 504 873 569 quo
897 481 1064 549 Catonem
1088 483 1185 549 caelo

202 587 377 672 aequavit,
409 585 490 672 quid
524 585 619 652 aliud
653 586 801 653 dictator
835 585 964 654 Caesar
997 609 1102 672 quam
1136 609 1185 652 re·

200 691 327 775 scripta
357 692 524 774 oratione,
553 689 646 755 velut
681 691 771 777 apud
801 691 947 773 iudices,
982 689 1186 778 respondit?

199 792 339 858 Antonii
374 793 547 880 epistulae,
582 792 680 858 Bruti
714 796 889 860 contiones
923 793 1015 859 falsa
1047 793 1184 881 quidem

198 896 234 960 in
263 895 454 981 Augustum
481 897 627 983 probra,
659 897 720 963 sed
753 897 861 964 multa
887 920 965 964 cum
992 898 1184 964 acerbitate

147 1014 173 1054 ³0
199 999 342 1085 habent3
373 1002 524 1067 carmina
547 1000 705 1066 Bibaculi
734 1010 768 1066 et
791 1000 919 1068 Catulli
947 1001 1076 1068 referta
1104 1024 1182 1067 con-

197 1103 345 1170 tumeliis
389 1102 574 1170 Caesarum
623 1104 797 1189 leguntur:
852 1104 912 1170 sed
959 1106 1033 1190 ipse
1084 1104 1181 1170 divus

197 1206 321 1292 Iulius,
344 1207 539 1293 ipsedivus
562 1208 739 1292 Augustus
769 1218 801 1274 et
825 1209 932 1274 tulere
955 1209 1024 1273 ista
1048 1217 1082 1273 et
1105 1207 1182 1272 reli·

198 1331 309 1395 quere,
343 1310 436 1376 haud
471 1311 572 1386 facile
610 1310 770 1396 dixerim,
807 1311 1041 1378 moderatione
1071 1313 1181 1396 magis

197 1437 241 1480 an
255 1415 433 1501 sapientia.
451 1437 596 1502 namque
613 1426 726 1502 spreta
740 1417 954 1482 exolescunt:
972 1419 1000 1481 si
1017 1419 1180 1498 irascare,

145 1531 170 1571 ³⁵
197 1517 341 1601 adgnita
364 1515 541 1585 videntur?

299 1620 350 1686 35.
370 1619 459 1688 Ἥοῑι
482 1624 615 1708 attingo
640 1621 801 1709 Graecos,
826 1647 966 1712 quorum
988 1645 1058 1688 non
1080 1623 1178 1688 modo

192 1724 348 1808 libertas,
366 1727 469 1792 etiam
484 1725 590 1792 libido
607 1729 788 1814 impunita3
804 1731 863 1794 aut
881 1729 909 1792 si
927 1729 1001 1814 quis
1019 1728 1178 1810 advertit,

197 1829 298 1896 dictis
322 1829 415 1894 dicta
430 1829 521 1896 ultus
545 1840 606 1896 est.
631 1830 692 1896 sed
706 1832 854 1897 maxime
877 1830 1025 1896 solutum
1049 1839 1084 1896 et
1106 1832 1178 1896 sinc

196 1932 426 1999 obtrectatore
447 1934 511 1999 fuit
539 1932 682 2020 prodere
705 1934 748 2000 de
770 1936 829 2019 iis,
863 1955 946 2021 quos
978 1956 1070 2000 mors
1100 1933 1178 1999 odio

156 2050 169 2090 ⁵
197 2046 257 2103 aut
280 2039 413 2121 gratiae
437 2039 629 2103 exemisset.
666 2060 746 2103 num
770 2040 858 2103 enim
892 2038 1033 2104 armatis
1057 2035 1177 2102 Cassio

195 2149 229 2204 et
250 2138 356 2207 Bruto
379 2161 420 2206 ac
436 2139 668 2228 Philippenses
685 2164 822 2229 campos
846 2139 1079 2207 obtinentibus
1095 2140 1177 2206 belli

195 2242 306 2309 civilis
330 2264 435 2310 causa
463 2243 623 2331 populum
654 2267 714 2331 per
742 2247 917 2311 contiones
941 2243 1112 2310 incendo?
1134 2267 1177 2309 an

194 2345 245 2412 illi
269 2346 403 2433 quidem
427 2349 735 2433 septuagensimum
758 2357 838 2414 ante
854 2371 980 2415 annum
1000 2349 1176 2434 perempti,

195 2472 260 2537 quo
293 2450 393 2517 modo
426 2450 632 2536 imaginibus
668 2453 738 2517 suis
771 2461 973 2535 noscuntur,
1009 2473 1096 2536 quas
1136 2473 1177 2516 ne

143 2567 170 2607 1⁰
194 2554 306 2620 victor
330 2554 465 2641 quidem
488 2554 646 2638 abolevit,
671 2556 721 2621 sic
735 2564 867 2642 partem
881 2556 1064 2622 memoriae
1089 2554 1177 2642 apud

196 2659 378 2744 scriptores
401 2658 572 2724 retinent?
602 2681 700 2723 suum
722 2659 842 2745 cuique
866 2658 968 2724 decus
991 2660 1177 2745 posteritas

195 2761 366 2848 rependit3
394 2783 457 2827 nec
488 2760 648 2845 deerunt,
679 2763 708 2826 si
738 2761 910 2828 damnatio
940 2762 1087 2846 ingruit,
1123 2763 1177 2850 qui

194 2886 262 2929 non
284 2863 383 2930 modo
401 2862 513 2930 Cassii
537 2876 571 2932 et
585 2865 692 2948 Bruti,
718 2864 777 2930 sed
801 2867 905 2931 etiam
926 2867 992 2931 mei
1015 2867 1176 2932 memine-

194 2965 281 3034 rint.y
307 2990 463 3053 egressus
489 2968 567 3035 dein
591 2978 711 3035 senatu
732 2971 841 3035 vitam
871 2968 1083 3035 abstinentia
1105 2971 1176 3036 fini-

145 3087 171 3127 15
196 3073 257 3139 vit.
280 3071 386 3138 libros
409 3095 469 3158 per
492 3071 621 3138 aediles
645 3072 844 3138 cremandos
861 3093 1023 3138 censuere
1044 3083 1176 3159 patres:

196 3175 257 3242 sed
278 3184 485 3259 manserunt,
510 3175 671 3243 occultati
690 3185 724 3241 et
740 3175 834 3242 editi.
858 3198 922 3262 quo
937 3175 1049 3261 magis
1067 3197 1175 3242 socor-

196 3279 288 3345 diam
311 3300 426 3344 eorum
447 3278 596 3345 inridere
618 3279 719 3362 libet,
749 3281 806 3365 qui
827 3281 1000 3366 praesenti
1021 3281 1174 3365 potentia

196 3381 338 3446 credunt
362 3381 535 3462 exstingui
558 3403 658 3467 posse
681 3383 784 3447 etiam
807 3384 977 3468 sequentis
1000 3385 1080 3448 aevi
1110 3405 1173 3448 me·

196 3482 347 3545 moriam.
371 3503 450 3545 nam
472 3489 591 3548 contra
606 3485 733 3569 punitis
756 3485 904 3568 ingeniis
927 3484 1044 3568 gliscit
1061 3494 1172 3551 aucto·

146 3582 297 3664 soritas,
330 3603 437 3666 neque
472 3579 565 3650 aliud
594 3586 725 3652 externi
754 3606 852 3670 reges
881 3595 942 3653 aut
970 3588 1027 3673 qui
1056 3587 1172 3654 eudem
