2500 4084
212 311 273 377 188
541 307 714 360 consumi
731 307 853 359 rsoru

210 501 314 568 refert
338 509 370 566 et
394 521 596 588 quamquam
618 501 706 564 inter
729 499 964 585 obstrepentes
980 520 1117 584 magna
1144 497 1200 564 ad·

210 605 422 671 severatione
444 604 580 686 nititur,
604 601 737 668 audivit
760 601 916 668 Tiberius
938 601 1087 689 probra,
1127 604 1202 689 quis

159 747 184 785 10
210 732 270 796 per
293 706 464 774 occultum
486 706 718 789 lacerabatur,
747 705 900 792 adeoque
921 705 1106 792 perculsus
1139 715 1202 786 est,

209 824 247 879 ut
271 835 307 878 se
321 811 376 878 vel
399 812 516 878 statim
530 809 584 876 vel
607 812 643 876 in
666 812 860 894 cognitione
881 821 1115 897 purgaturum
1131 808 1202 876 cla·

209 918 346 983 mitaret
368 914 592 1002 precibusque
615 912 861 1001 proximorum,
892 913 1097 980 adulatione
1134 936 1202 979 om·

209 1022 302 1086 nium
324 1041 427 1105 aegre
450 1028 665 1105 componeret
688 1020 846 1084 animum.
872 1028 904 1083 et
927 1018 1100 1084 Votienus
1127 1017 1201 1104 qui-

210 1124 285 1189 dem
308 1123 496 1188 maiestatis
519 1123 637 1207 poenis
653 1121 809 1188 adfectus
834 1133 900 1186 est:
924 1119 1056 1186 Caesar
1080 1121 1199 1187 obiec-

158 1263 183 1304 15
210 1237 279 1293 tam
303 1227 368 1292 sibi
392 1225 555 1292 adversus
579 1247 654 1291 reos
683 1224 937 1291 inclementiam
966 1247 1005 1292 eo
1035 1226 1197 1311 pervica-

208 1333 281 1396 cius
315 1329 505 1416 amplexus,
539 1327 712 1416 Aquiliam
746 1328 904 1393 adulterii
933 1327 1088 1394 delatam
1118 1349 1196 1392 cum

207 1435 312 1500 Vario
328 1433 467 1517 Ligure,
491 1453 691 1519 quemquam
704 1431 870 1499 Lentulus
888 1429 1091 1497 Gaetulicus
1116 1452 1195 1498 con·

209 1538 260 1604 sul
285 1537 484 1621 designatus
508 1534 583 1620 lege
606 1535 696 1600 Iulia
720 1534 926 1619 damnasset,
951 1535 1074 1602 exsilio
1098 1534 1196 1623 puni·

156 1644 258 1736 „Vll
279 1640 505 1727 Apidiumque
527 1638 709 1722 Merulam,
739 1639 828 1726 quod
856 1640 892 1703 in
915 1649 994 1704 acta
1028 1637 1103 1704 divi
1126 1637 1195 1704 Au-

158 1781 183 1819 20
210 1745 302 1830 gusti
325 1766 393 1810 non
416 1745 600 1826 iuraverat,
625 1742 703 1808 albo
727 1745 897 1808 senatorio
922 1742 1041 1808 erasit.
1244 1819 1245 1830 χ

311 1847 362 1912 43.
386 1847 536 1914 Auditae
553 1844 674 1912 dehinc
689 1845 1039 1912 Lacedaemoniorum
1054 1856 1090 1911 et
1104 1846 1195 1911 Mes-

208 1953 377 2016 seniorum
405 1950 593 2034 legationes
627 1948 668 2013 de
700 1951 772 2014 iure
799 1947 916 2036 templi
938 1948 1076 2014 Dianae
1098 1949 1195 2014 Lim-

206 2053 352 2136 natidis,
385 2053 475 2138 quod
509 2053 577 2117 suis
613 2074 633 2116 a
661 2053 847 2118 maioribus
877 2074 1003 2138 suaque
1033 2053 1070 2116 in
1100 2062 1194 2120 terra

208 2160 358 2225 dicatum
377 2157 643 2223 Lacedaemonii
664 2155 845 2221 firmabant
868 2154 1044 2221 annalium
1066 2178 1193 2222 memo·

167 2299 180 2338 ⁵
206 2265 258 2328 ria
281 2271 463 2348 vatumque
486 2258 703 2341 carminibus,
728 2259 789 2324 sed
816 2258 1014 2325 Macedonis
1031 2258 1192 2346 Philippi,

205 2388 282 2431 cum
304 2387 368 2451 quo
392 2363 595 2447 bellassent,
628 2365 731 2429 armis
761 2362 955 2448 ademptum
984 2384 1026 2427 ac
1050 2374 1132 2449 post
1158 2362 1191 2429 O.

206 2468 364 2534 Caesaris
389 2477 422 2532 et
444 2467 489 2532 M.
505 2467 647 2532 Antonii
671 2467 839 2532 sententia
863 2465 1044 2532 redditum.
1069 2478 1192 2534 contra

204 2572 365 2638 Messenii
394 2579 544 2636 veterem
572 2572 660 2636 inter
682 2569 841 2636 Herculis
864 2580 1017 2656 posteros
1050 2570 1191 2637 divisio·
1243 2635 1244 2648 ,

205 2698 281 2740 nem
307 2672 529 2760 Peloponnesi
559 2673 746 2760 protulere,
778 2694 903 2759 suoque
930 2675 1005 2757 regi
1034 2673 1191 2740 Dentha·
1243 2665 1244 2746 l

156 2817 179 2854 10
206 2778 322 2843 liatem
344 2797 479 2861 agrum,
511 2778 546 2840 in
569 2798 633 2863 quo
656 2776 692 2841 id
716 2775 909 2860 delubrum,
933 2777 1102 2861 cessisse3
1127 2801 1191 2844 mo·

204 2882 421 2965 nimentaque
444 2881 515 2944 eius
544 2881 593 2944 rei
623 2878 755 2964 sculpta
785 2881 878 2944 saxis
911 2891 944 2946 et
968 2901 1048 2944 aere
1077 2883 1190 2967 prisco

204 3006 351 3050 manere.
382 2982 472 3069 quod
500 2984 528 3048 si
552 2991 684 3066 vatum,
716 2981 889 3048 annalium
919 2981 964 3047 ad
991 2985 1189 3050 testimonia

205 3099 381 3170 vocentur,
404 3087 516 3174 plures
541 3086 605 3151 sibi
629 3108 669 3151 ao
693 3085 930 3172 locupletiores
957 3107 1050 3169 esse;
1081 3109 1188 3176 nequo

204 3192 394 3277 Philippum
416 3191 586 3276 potentia,
616 3189 677 3254 sed
707 3211 751 3254 ex
773 3211 854 3256 vero
877 3190 1060 3255 statuisse:
1103 3191 1188 3257 idem

155 3333 179 3370 15
206 3298 296 3380 regis
312 3296 487 3378 Antigoni,
504 3293 592 3359 idem
609 3295 823 3380 imperatoris
840 3292 989 3360 Mummii
1006 3292 1186 3378 iudicium,
1242 3367 1243 3386 ,

206 3401 256 3463 sic
284 3397 435 3462 Milesios
466 3398 626 3480 permisso
657 3395 791 3482 publice
821 3396 982 3478 arbitrio,
1016 3407 1185 3482 postremo
1242 3391 1243 3396 ¹

208 3497 361 3562 Atidium
384 3495 562 3562 Geminum
583 3508 774 3584 praetorem
796 3498 950 3566 Achaiae
981 3500 1185 3568 decrevisse.

204 3599 252 3661 ita
269 3597 451 3664 secundnm
465 3597 651 3664 Messenios
669 3600 794 3666 datum.
819 3613 853 3667 et
869 3600 1051 3686 Segestani
1068 3605 1183 3672 aedem
