2500 4084
219 261 283 328 184
565 264 738 316 conunnu
758 264 880 314 morri

214 453 307 544 apud
327 453 529 542 Pergamum
552 455 627 522 sisti
649 477 717 520 non
739 453 978 544 prohibuisset,
1002 456 1061 543 qui
1088 455 1197 522 omnia

214 559 308 626 faeta
332 558 490 646 dietaque
513 559 585 626 eius
608 560 684 627 vioe
706 557 793 644 legis
816 558 1011 644 observem,
1034 559 1196 647 placitum

164 681 190 724 1⁶
217 664 285 732 iam
308 663 497 752 exemplum
519 666 704 752 promptius
729 674 863 731 secutus
887 688 970 750 sum,
994 665 1076 751 qnia
1092 665 1195 730 cultui

215 790 287 834 meo
310 771 484 834 veneratio
509 776 647 834 senatus
671 767 932 854 adiungebatur.
978 779 1134 836 ceterum
1161 778 1194 834 ut

215 872 318 940 semel
341 875 509 960 recepisse
531 874 667 939 veniam
699 871 874 956 habuerit,
905 875 954 938 ita
989 895 1107 940 omnes
1140 896 1194 960 per

214 978 407 1065 provincias
449 977 559 1062 effigie
592 978 766 1042 numinum
801 978 931 1042 sacrari
966 975 1191 1059 ambitiosum,

215 1080 410 1169 superbum3
446 1090 478 1146 et
506 1089 669 1147 vanescet
692 1079 839 1166 Augusti
866 1080 989 1166 honor,
1023 1081 1054 1146 si
1076 1081 1193 1170 promi-

162 1200 189 1242 ὀ
214 1186 281 1250 sois
304 1182 556 1252 adulationibus
580 1180 757 1269 vulgatur?

318 1285 370 1352 38.
388 1285 476 1372 ‘Ego
492 1309 555 1370 me,
577 1296 692 1373 patres
708 1289 903 1374 conscripti,
926 1285 1109 1353 mortalem
1125 1309 1192 1352 esse

215 1401 249 1458 et
270 1390 442 1458 hominum
459 1391 571 1456 officia
594 1391 689 1476 fungi
706 1393 857 1478 satisque
871 1389 1009 1476 habere,
1034 1392 1065 1456 si
1087 1390 1192 1456 locum

214 1495 400 1581 prinoipem
436 1493 611 1582 impleam,
646 1506 679 1561 et
712 1517 774 1561 vos
804 1504 910 1562 testor
941 1503 974 1559 et
1003 1495 1192 1560 meminisse

215 1608 368 1686 posteros
390 1597 484 1682 volo;
512 1599 570 1685 qui
598 1598 683 1664 satis
708 1620 873 1686 superque
894 1599 1079 1664 memoriae
1103 1621 1192 1665 meae

175 1732 188 1773 s
213 1701 374 1786 tribuent,
396 1710 434 1767 ut
449 1700 633 1767 maioribus
656 1703 740 1768 meis
765 1701 913 1787 dignum,
936 1724 1050 1768 rerum
1066 1711 1192 1768 vestra·

213 1828 287 1872 rum
301 1805 488 1893 providum,
511 1814 725 1872 constantem
741 1807 776 1872 in
792 1805 961 1893 periculis,
978 1806 1193 1872 offensionum

213 1933 274 1998 pro
297 1909 449 1977 utilitate
472 1909 609 1997 publiea
632 1931 700 1975 non
722 1908 884 1996 pavidum
914 1908 1068 1976 credant.
1113 1910 1192 1976 haee
1236 1977 1237 1999 ,

213 2014 296 2081 mihi
319 2015 353 2080 in
377 2014 498 2081 animis
521 2014 645 2079 vestris
675 2012 815 2100 templa,
849 2013 914 2080 hae
947 2013 1192 2100 pulcherrimae

215 2118 343 2202 effigies
374 2127 406 2185 et
435 2139 626 2184 mansurae.
673 2140 753 2184 nam
776 2140 861 2206 quae
890 2139 974 2184 saxo
1011 2125 1191 2200 struuntur,

164 2252 188 2292 ιο
216 2223 244 2288 si
268 2220 429 2288 iudicium
444 2230 655 2308 posterorum
677 2223 712 2286 in
736 2220 849 2288 odium
864 2222 977 2305 vertit,
1000 2243 1061 2308 pro
1087 2219 1191 2308 sepul·

214 2327 281 2392 cris
304 2332 516 2411 spernuntur.
539 2323 681 2411 proinde
706 2326 816 2391 socios
831 2327 923 2391 cives
947 2333 980 2390 et
997 2323 1080 2391 deos
1105 2327 1189 2412 ipsos

213 2450 341 2514 precor,
363 2427 424 2493 hos
447 2436 483 2494 ut
506 2427 588 2494 mihi
612 2426 778 2494 adfinem
800 2449 905 2515 usque
927 2429 1020 2493 vitae
1044 2430 1190 2514 quietam
1235 2459 1236 2489 l

215 2539 249 2596 et
274 2529 528 2615 intellegentem
549 2530 688 2597 humani
724 2529 897 2617 divinique
930 2531 1013 2596 iuris
1049 2543 1191 2600 mentem

215 2634 322 2717 duint,
345 2633 423 2700 illos
447 2642 495 2718 ut,
519 2633 720 2722 quandoque
743 2654 962 2718 concessero,
995 2656 1071 2700 cum
1093 2635 1190 2703 laude

163 2768 188 2810 15
215 2749 249 2805 et
270 2736 368 2803 bonis
391 2735 684 2804 recordationibus
707 2737 800 2803 facta
824 2746 925 2823 atque
948 2737 1075 2804 famam
1090 2742 1189 2806 nomi·

214 2844 266 2908 nis
289 2843 354 2909 mei
376 2838 642 2929 prosequantur?
666 2842 881 2928 perstititque
896 2841 1036 2928 posthac
1054 2845 1190 2908 secretis

215 2946 318 3013 etiam
359 2943 566 3012 sermonibus
607 2946 782 3032 aspernari
820 2942 925 3010 talem
962 2947 1013 3010 sui
1054 2944 1188 3013 cultum.

215 3049 301 3138 quod
317 3047 377 3114 alii
391 3047 602 3132 modestiam,
625 3047 732 3131 multi,
758 3049 836 3135 quia
854 3047 1033 3132 diffideret,
1057 3049 1188 3135 quidam

214 3164 252 3220 ut
297 3152 475 3238 degeneris
521 3153 623 3219 animi
661 3150 986 3239 interpretabantur.
1040 3161 1187 3239 optumos

162 3287 188 3328 ro
215 3259 335 3344 quippe
357 3255 550 3323 mortalium
573 3255 741 3322 altissima
773 3278 910 3343 cupere:
940 3255 989 3322 sic
1013 3255 1187 3324 Herculem

214 3369 248 3426 et
274 3359 437 3426 Liberum
470 3360 561 3446 apud
596 3357 760 3443 Graecos,
797 3359 975 3440 Quirinum
1008 3359 1099 3445 apud
1129 3383 1185 3426 nos
1233 3435 1234 3450 χ

217 3461 313 3528 deum
335 3483 473 3527 numero
497 3460 649 3529 additos:
674 3461 793 3528 melius
817 3461 1018 3548 Augustum,
1042 3463 1098 3548 qui
1120 3486 1187 3550 spe·

215 3562 352 3628 raverit.
398 3573 512 3630 cetera
540 3563 746 3652 principibus
777 3568 893 3634 statim
922 3566 1059 3634 adesse:
1091 3589 1186 3632 unum
