2530 4084
285 346 331 396 AB
350 344 513 396 EXCESSU
530 337 689 395 AUGUSTI
707 341 743 393 Π.
762 333 872 392 et-ssco.
892 333 896 342 ’
1007 338 1068 404 109

82 537 295 619 consultum,
329 546 368 601 ut
391 546 549 621 quattuor
570 535 664 600 milia
687 527 837 598 libertini
862 533 993 617 generis
1025 553 1065 596 ea
1094 558 1119 598 15

84 643 328 730 superstitione
351 640 488 722 infecta,
513 641 585 724 quis
603 638 724 702 idonea
742 647 847 720 aetas,
871 637 906 702 in
922 633 1068 700 insulam

84 745 284 811 Sardiniam
306 742 524 826 veherentur,
555 741 752 807 coercendis
783 740 853 806 illic
876 740 1066 805 latrociniis

85 861 130 931 et,
147 851 177 913 si
198 848 240 913 ob
262 849 466 931 gravitatem
480 835 567 916 caeli
590 847 794 928 interissent,
810 844 879 908 vile
895 844 1067 926 damnum3

83 953 194 1016 ceteri
216 949 376 1014 cederent
400 948 511 1030 ltalia,
537 949 603 1012 nisi
627 957 756 1012 certam
780 956 859 1012 ante
883 947 972 1012 diem
993 967 1066 1032 pro·

82 1057 184 1119 fanos
208 1055 293 1119 ritus
318 1054 501 1117 exuissent.
1093 1073 1118 1113 so

191 1155 242 1220 86.
265 1155 346 1220 Post
370 1177 455 1242 quae
477 1153 610 1219 rettulit
626 1151 754 1219 Caesar
777 1154 977 1240 capiendam
999 1155 1065 1218 vir-

84 1263 199 1345 ginem
227 1262 262 1324 in
285 1259 394 1324 locum
419 1258 555 1341 Occiae,
579 1281 665 1344 quae
690 1267 817 1344 septem
847 1268 880 1323 et
904 1260 1064 1344 quinqua-

83 1367 183 1449 ginta
210 1387 271 1450 per
305 1385 411 1427 annos
447 1384 574 1427 summa
609 1362 835 1426 sanctimonia
867 1360 1063 1426 Vestalibus

84 1470 194 1533 sacris
217 1466 462 1553 praesederatr
478 1468 614 1552 egitque
638 1475 752 1550 grates
776 1465 919 1530 Fonteio
942 1463 1064 1550 Agrip-

82 1593 148 1658 pae
172 1581 207 1636 et
229 1571 378 1635 Domitio
403 1568 564 1652 Pollioni,
601 1569 690 1654 quod
714 1568 880 1634 offerendo
908 1567 997 1633 filias
1023 1567 1063 1632 de
1090 1589 1103 1629 5

84 1675 196 1740 officio
232 1675 266 1738 in
297 1697 367 1738 rem
394 1672 565 1760 publicam
600 1683 779 1738 certarent.
829 1664 983 1760 praelata
1012 1682 1063 1737 est

83 1778 248 1843 Pollionis
281 1776 369 1859 filia,
402 1799 470 1841 non
505 1777 547 1841 ob
582 1777 675 1842 aliud
710 1799 809 1864 quam
839 1777 928 1864 quod
955 1787 1064 1842 mater

82 1884 155 1946 eius
192 1883 227 1945 in
262 1880 378 1945 eodem
408 1882 564 1964 coniugio
591 1881 766 1965 manebat,
810 1905 889 1947 nam
911 1880 1062 1968 Agrippa

84 1985 230 2050 discidio
265 1985 397 2050 domum
431 1986 654 2051 imminuerat.
693 1996 727 2051 et
749 1983 877 2052 Caesar
910 1986 1061 2070 quamvis

81 2085 313 2174 posthabitam
337 2087 473 2152 deciens
498 2091 646 2154 sestertii
671 2088 750 2155 dote
774 2089 901 2155 solatus
926 2097 987 2152 est.
1087 2108 1112 2146 10

187 2188 238 2254 87.
263 2188 449 2254 Saevitiam
463 2211 618 2255 annonae
634 2193 810 2256 incusante
826 2190 925 2277 plebe
942 2193 1062 2257 statuit

80 2295 249 2359 frumento
270 2293 423 2379 pretium,
448 2292 537 2379 quod
561 2304 688 2379 emptor
703 2295 874 2379 penderet,
898 2296 1062 2384 binosque

80 2419 235 2463 nummos
266 2420 301 2461 se
325 2396 520 2462 additurum
547 2397 817 2480 negotiatoribus
845 2398 881 2462 in
910 2400 1060 2484 singulos

80 2501 222 2567 modios.
245 2522 352 2586 neque
376 2509 487 2565 tamen
513 2500 555 2566 ob
579 2524 619 2565 ea
641 2504 791 2587 parentis
814 2505 945 2589 patriae
969 2503 1060 2569 dela-

81 2615 152 2669 tum
175 2615 209 2668 et
233 2614 333 2670 antea
355 2602 559 2668 vocabulum
580 2603 778 2689 adsumpsit,
802 2605 988 2693 acerbeque
1011 2609 1059 2672 in·
1086 2622 1099 2662 ὁ

80 2709 212 2792 crepuit
236 2729 302 2790 eos,
327 2708 383 2793 qui
399 2707 532 2772 divinas
550 2710 787 2795 occupationes
812 2711 986 2795 ipsumque
1002 2710 1059 2775 do-

80 2813 207 2875 minum
230 2811 398 2876 dixerant.
442 2810 532 2875 unde
555 2821 702 2896 angusta
726 2823 759 2878 et
787 2813 919 2900 lubrica
950 2817 1058 2880 oratio

82 2914 144 2978 sub
167 2916 333 3000 principe,
368 2916 424 3001 qui
446 2913 642 2981 libertatem
671 2916 857 3002 metuebat,
893 2918 1058 2984 adulatio-

79 3040 155 3082 nem
180 3017 307 3083 oderat.

183 3120 233 3185 88.
256 3121 398 3209 Reperio
421 3122 512 3208 apud
535 3125 980 3212 scriptoressenatoresque
1004 3149 1057 3192 eo·

77 3223 219 3288 rundem
244 3234 430 3311 temporum
455 3224 701 3309 Adgandestrii
728 3229 891 3314 principis
918 3227 1057 3295 Chatto-

77 3350 152 3391 rum
173 3325 282 3393 lectas
306 3329 340 3392 in
364 3337 483 3392 senatu
507 3326 657 3414 litteras,
682 3331 802 3416 quibus
831 3330 972 3397 mortem
994 3332 1056 3397 Ar-

75 3432 174 3494 minii
207 3430 442 3519 promittebat,
478 3432 506 3494 si
547 3434 736 3517 patrandae
775 3437 852 3500 neci
891 3458 1057 3501 venenum

76 3535 284 3618 mitteretur3
317 3555 576 3620 responsumque
610 3559 683 3602 esse
711 3561 778 3604 non
806 3538 925 3604 fraude
947 3560 1055 3625 neque
1082 3563 1095 3603 s

75 3639 231 3725 occultis,
255 3640 316 3706 sed
331 3639 445 3728 palam
469 3649 502 3705 et
518 3652 684 3709 armatum
698 3643 855 3731 populum
869 3643 1056 3710 Romanum
