2530 4084
230 311 292 375 112
558 312 732 364 corennum
750 314 871 365 rioms

109 557 111 564 Α
224 500 434 588 Agrippinae
452 504 552 588 longo
569 525 720 570 maerore
736 505 863 571 fessum
879 503 972 570 obvii
994 513 1026 570 et
1049 513 1187 569 recentes
1257 543 1258 582 3

223 607 258 669 in
282 604 397 670 dolore
421 608 608 674 anteibant.

327 708 357 774 2.
381 708 522 775 Miserat
547 711 630 777 duas
660 715 852 798 praetorias
885 711 1039 778 cohortes
1063 710 1190 793 Caesar,

225 812 341 878 addito
365 822 402 877 ut
425 816 644 898 magistratus
668 813 849 882 Calabriae
865 815 1034 903 Apulique
1057 824 1090 881 et
1106 813 1192 880 Cam·
1257 859 1258 892 ,

223 918 304 1002 pani
327 940 482 1004 suprema
505 941 587 1005 erga
609 923 804 986 memoriam
825 921 886 988 filii
917 922 969 984 sui
991 921 1107 985 munia
1129 919 1192 984 fun-

223 1029 392 1103 gerentur.
417 1023 521 1106 igitur
543 1023 753 1090 tribunorum
767 1025 1064 1108 centurionumque
1080 1024 1193 1088 umeris

185 1145 197 1186 s
224 1124 354 1190 cineres
370 1125 611 1210 portabantur3
634 1125 884 1220 praecedebant
907 1129 1078 1212 incompta
1095 1129 1195 1210 signa,

223 1229 314 1292 versi
336 1229 463 1314 fasces3
488 1240 589 1315 atque
612 1230 669 1318 ubi
694 1230 845 1309 colonias
870 1230 1195 1314 transgrederentur,

225 1339 338 1396 atrata
360 1333 487 1419 plebes,
511 1334 660 1400 trabeati
684 1333 812 1420 equites
835 1356 895 1420 pro
920 1332 1039 1421 opibus
1063 1333 1132 1398 loci
1146 1355 1196 1397 ve-

225 1435 309 1499 stem
332 1435 450 1502 odores
466 1437 602 1524 'aliaque
625 1437 971 1505 funerum'sollemiria
993 1437 1197 1504 cremabant.

224 1539 325 1603 etiam
348 1561 487 1625 quorum
510 1541 646 1607 diversa
669 1542 802 1628 oppida,
825 1551 939 1606 tamen
963 1540 1058 1607 obuii
1079 1551 1118 1606 et'
1135 1542 1197 1605 vie-

172 1662 198 1701 ιο
224 1642 322 1706 times
347 1652 448 1730 atque
472 1666 549 1709 aras
575 1645 626 1710 dis
650 1643 809 1710 Manibus
839 1653 1026 1710 statuentes
1041 1644 1198 1712 lacrimis

224 1756 256 1812 et
280 1747 604 1814 conclamationibus
628 1748 777 1814 dolorem
807 1748 1032 1816 testabantur.
1048 1757 1052 1766 ‘
1071 1749 1199 1814 Drusus

223 1853 443 1919 Tarracinam
475 1857 672 1939 progressus
717 1862 768 1917 est
807 1859 889 1917 cum·
916 1850 1061 1917 Claudio
1097 1853 1200 1918 fratre

223 1957 404 2044 liberisque
422 1955 626 2039 Germanici,
650 1957 706 2041 qui
729 1958 764 2021 in
780 1955 863 2020 urbe
878 1956 1022 2021 fuerant.
1047 1955 1200 2022 consules

223 2061 268 2127 M.
291 2059 449 2128 Valerius
479 2070 512 2126 et
540 2059 585 2124 M.
609 2058 767 2124 Aurelius
798 2061 878 2134 (iam
909 2061 998 2124 enim
1020 2062 1200 2144 magistra-

171 2179 196 2219 1⁵
223 2177 293 2232 tum
316 2161 529 2251 occeperant)
554 2172 586 2227 et
611 2172 748 2230 senatus
772 2185 813 2228 ac
837 2169 962 2245 magna
984 2185 1065 2249 pars
1089 2162 1202 2250 populi

221 2272 312 2336 viam
345 2267 560 2354 conplevere,
596 2265 743 2331 disiecti
770 2276 805 2331 et
832 2276 876 2331 ut
911 2265 1034 2352 cuique
1069 2266 1201 2335 libitum

162 2400 164 2412 ’
222 2369 507 2455 fientes3‘aberat
537 2371 658 2456 quippe
688 2368 856 2452 adulatio,
892 2371 1009 2453 gnaris
1048 2371 1200 2438 omnibus

221 2476 348 2543 laetam
359 2475 495 2541 Tiberio
509 2472 704 2540 Germanici
722 2477 865 2539 mortem
875 2472 964 2538 male
978 2473 1202 2540 dissimulari.

323 2581 353 2646 3.
377 2578 532 2644 Tiberius
549 2589 650 2664 atque
665 2577 821 2662 Augusta
836 2576 972 2663 publico
995 2577 1201 2660 abstinuere,

223 2686 361 2751 inferius
384 2685 563 2750 maiestate
588 2705 648 2748 sua
671 2683 755 2764 rati,
787 2683 815 2746 si
837 2681 952 2767 palam
974 2680 1201 2748 lamentaren-

220 2798 292 2873 tur,
321 2811 365 2853 an
387 2811 429 2854 ne
454 2789 599 2854 omnium
623 2785 728 2853 oculis
752 2784 882 2852 vultum
910 2807 1024 2850 eorum
1048 2795 1201 2852 scrutan-

159 2924 161 2932 ’
221 2891 310 2958 tibus
333 2891 412 2956 falsi
435 2891 721 2976 intellegerentur.
752 2899 901 2954 matrem*
916 2887 1106 2956 Antoniam
1135 2912 1200 2958 non

181 3019 194 3060 s
221 2996 311 3084 apud
334 3005 487 3061 auctores
504 3019 625 3068 rerum,
647 2996 766 3061 nonin
784 2993 1075 3060 diurnaaotorum
1097 2995 1199 3078 serip-

220 3111 297 3167 tura
312 3101 442 3186 reperio
464 3099 532 3164 ullo
549 3100 676 3184 insigni
692 3098 801 3163 officio
817 3098 977 3180 functam,
1001 3120 1079 3166 cum
1102 3119 1200 3183 super

219 3205 442 3290 Agrippinam
465 3211 497 3266 et
520 3202 669 3267 Drusum
691 3210 723 3267 et
746 3199 926 3266 Claudium
948 3202 1053 3266 ceteri
1069 3222 1200 3287 quoque

219 3307 463 3390 consanguinei
478 3307 676 3370 nominatim
696 3305 878 3390 perscripti
893 3305 971 3385 sint,
995 3325 1054 3368 seu
1068 3303 1200 3368 valetn-

221 3411 298 3476 dine
320 3407 613 3495 praepediebatur,
638 3429 697 3472 seu
719 3410 830 3472 victus
854 3407 949 3472 luctu
976 3408 1106 3472 animus
1130 3429 1199 3472 ma·
1257 3467 1258 3504 ,

170 3531 196 3571 1⁰
222 3512 431 3595 gnitudinem
445 3509 526 3574 mali
541 3511 688 3596 perferre
702 3512 779 3575 visu
793 3533 862 3575 non
878 3509 1047 3576 toleravit.
1063 3509 1199 3576 facilius
1257 3519 1258 3594 t

221 3612 425 3678 crediderim
439 3611 575 3679 Tiberio
599 3621 632 3678 et
647 3611 812 3698 Augusta,
829 3615 887 3700 qui
904 3613 1003 3680 domo
1017 3635 1086 3680 non
1102 3635 1202 3680 exce·
