2552 4084
249 282 296 333 AB
314 281 476 333 Excusso
494 280 652 334 AUGUSTI
671 283 707 334 11.
728 284 840 333 33-36.
986 285 1025 349 77

47 475 83 538 in
118 472 192 538 foro
228 481 260 538 et
282 472 409 539 iudicio
444 472 574 558 audiri,
608 475 763 560 quotiens
798 475 1029 546 testimonium

50 577 218 661 dicerent,
241 587 339 643 vetus
362 598 433 643 mos
457 577 568 642 fuerit.

155 678 207 745 35.
230 680 296 746 Res
321 702 360 745 eo
389 702 477 746 anno
500 679 651 766 prolatas
681 680 772 747 haud
801 681 970 767 referrem,
992 686 1028 750 ni

48 786 196 870 pretium
219 783 306 848 foret
322 781 382 849 Cn.
405 784 538 849 Pisonis
564 794 597 849 et
620 783 732 850 Asinii
749 783 842 852 Galli
866 809 966 874 super
990 809 1027 853 eo

47 889 186 972 negotio
212 887 365 952 diversas
390 889 577 952 sententias
600 909 749 954 noscere.
794 888 890 973 Piso,
914 912 1028 976 quam·

47 1014 150 1078 quem
178 991 349 1056 afuturum
383 1014 419 1057 se
449 989 584 1058 dixerat
608 990 751 1076 Caesar,
786 992 829 1059 ob
859 992 895 1058 id
917 995 1026 1078 magis

48 1093 203 1179 agendas
237 1093 414 1178 censebat,
445 1103 481 1159 ut
516 1094 659 1161 absente
690 1096 844 1184 principe
872 1108 1026 1164 senatum
1054 1115 1066 1153 ⁵

48 1208 81 1263 et
105 1199 236 1285 equites
260 1219 358 1284 posse
382 1221 443 1263 sua
466 1200 580 1264 munis
605 1201 772 1266 sustinere
796 1199 956 1268 decorum
977 1204 1027 1268 rei

46 1303 206 1389 publicae
220 1302 316 1367 foret.
342 1299 471 1386 Gallus,
496 1304 575 1388 quia
592 1303 738 1388 speciem
760 1303 931 1372 libertatis
948 1306 1027 1373 Piso

47 1414 280 1494 praeceperat,
315 1405 400 1471 nihil
424 1408 508 1472 satis
536 1405 680 1472 inlustre
709 1415 769 1472 aut
792 1430 836 1474 ex
859 1409 1027 1493 dignitate

47 1509 162 1597 populi
183 1510 327 1575 Romani
356 1511 422 1575 nisi
445 1531 560 1576 coram
584 1519 616 1577 et
641 1510 702 1577 sub
727 1511 833 1578 oculis
857 1511 1027 1601 Caesaris,

48 1637 153 1701 eoque
183 1623 388 1680 conventum
410 1612 533 1680 Italiae
562 1625 595 1680 et
623 1615 804 1682 adfluentis
832 1621 1026 1705 provincias
1055 1633 1080 1672 ¹⁰

47 1719 263 1804 praesentiae
286 1719 357 1782 eius
382 1718 551 1783 servanda
575 1718 720 1786 dicebat.
755 1720 915 1789 audiente
943 1723 1027 1790 haec

47 1822 184 1889 Tiberio
210 1843 250 1888 sc
275 1820 396 1887 silente
412 1825 545 1906 magnis
561 1825 729 1911 utrimque
752 1826 1025 1894 contentionibus

48 1937 137 2009 acta,
161 1925 222 1991 sed
245 1948 299 1991 res
324 1924 461 1991 dilatae.

149 2029 201 2095 36.
224 2029 271 2097 Et
305 2039 477 2097 certamen
508 2028 609 2097 Gallo
643 2031 808 2098 adversus
843 2033 1026 2102 Caesarem

47 2143 202 2200 exortum
225 2144 287 2200 est.
310 2157 389 2200 nam
417 2135 549 2201 censuit
572 2137 605 2201 in
629 2138 892 2223 quinquennium
919 2142 1025 2224 magi·

48 2250 211 2306 stratuum
236 2239 372 2305 comitia
395 2237 568 2324 habenda,
591 2250 693 2327 utque
715 2241 884 2325 legionum
911 2243 1028 2328 legati,

49 2346 102 2430 qui
134 2352 215 2409 ante
244 2353 438 2429 praeturam
469 2365 509 2408 ea
537 2344 661 2410 militia
688 2344 927 2432 fungebantur,
956 2349 1026 2414 iam

49 2459 118 2512 tum
145 2458 321 2534 praetores
358 2445 625 2530 destinarentur,
658 2450 817 2536 princeps
848 2449 1025 2518 duodecim
1052 2464 1065 2503 ⁵

48 2549 253 2618 candidatos
270 2551 304 2616 in
329 2573 435 2618 annos
460 2551 611 2635 singulos
628 2553 828 2618 nominaret.
852 2553 943 2620 baud
968 2555 1026 2620 du·

48 2654 140 2719 bium
164 2663 239 2719 erat
262 2676 336 2720 eam
361 2656 565 2722 sententiam
588 2653 692 2719 altius
714 2665 894 2740 penetrare
917 2666 950 2722 et
974 2680 1026 2722 sr-

48 2781 132 2825 oana
157 2760 289 2845 imperii
313 2760 482 2847 temptari.
506 2759 663 2826 Tiberius
687 2767 813 2844 tamen,
843 2763 940 2846 quasi
968 2784 1026 2826 au-

49 2874 184 2946 geretur
198 2872 352 2950 potestas
370 2865 453 2947 eius,
478 2863 653 2929 disseruit:
676 2883 781 2946 grave
802 2863 1027 2932 moderationi

49 2990 126 3033 suae
142 2978 194 3033 tot
211 2966 347 3053 eligere,
363 2977 414 3032 tot
431 2967 574 3032 differre.
597 2967 658 3031 vix
672 2989 733 3053 per
748 2968 901 3053 singulos
917 2991 1025 3036 annos
1053 2983 1079 3023 1⁰

51 3073 247 3138 offensiones
263 3074 376 3156 vitari,
393 3073 546 3159 quamvis
562 3071 732 3158 repulsam
746 3075 933 3161 propinqua
950 3095 1026 3160 spes

51 3174 191 3242 soletur:
215 3187 377 3262 quantum
401 3174 470 3242 odii
494 3177 566 3242 fore
589 3173 632 3241 ab
656 3176 715 3258 iis,
739 3178 795 3263 qui
817 3176 908 3242 ultra
931 3178 1027 3264 quin-

51 3281 227 3364 quennium
255 3279 487 3366 proiciantur?
519 3278 609 3346 unde
637 3281 786 3365 prospici
812 3302 912 3365 posse
941 3302 1026 3368 quae

52 3385 166 3470 cuique
195 3392 267 3449 tam
293 3383 394 3468 longo
423 3383 584 3469 temporis
615 3382 724 3468 spatio
759 3404 868 3467 mens,
899 3382 1026 3468 domus,

51 3486 205 3552 fortuna?
228 3486 401 3574 superbire
423 3484 574 3551 homines
598 3486 702 3552 etiam
725 3506 839 3552 annua
869 3485 1025 3570 designa·
1053 3501 1078 3541 1⁵

52 3591 154 3655 tione:
178 3588 259 3675 quid
282 3592 310 3654 si
328 3589 488 3654 honorem
509 3610 569 3675 per
585 3589 846 3675 quinquennium
870 3589 1025 3671 agitent?
