2500 4084
261 325 307 376 AB
327 323 492 377 Excusso
512 323 670 376 AUGUSTI
687 322 733 377 VI.
752 325 845 375 8-10.
975 321 1041 387 223

45 528 207 604 potuere,
241 527 278 582 ut
312 526 527 582 accusatores
562 517 643 598 eius,
679 514 806 580 additis
841 535 926 600 quae
961 517 1041 578 aute

49 621 283 708 deliquerant,
308 620 428 686 exsilio
452 631 510 685 aut
533 631 638 685 morte
661 619 894 685 multarentur.

165 723 309 790 Secutae
334 723 454 790 dehinc
470 722 600 789 Tiberii
621 722 757 788 litterae
780 723 814 787 in
832 721 911 787 Sex.
934 716 1040 786 Visti·
1067 735 1081 781 s

48 826 141 894 lium
166 829 388 914 praetorium,
417 849 513 913 quem
536 827 650 892 Druso
678 827 778 892 fratri
805 846 982 912 percarum
1005 825 1040 888 in

49 931 234 996 cohortem
257 953 352 997 suam
375 929 610 996 transtulerat.
633 950 739 996 eausa
763 928 956 993 offensionis
980 926 1038 991 Vi·

49 1034 151 1100 stilio
186 1035 265 1120 fuit,
300 1056 359 1099 seu
391 1043 623 1121 composuerat
657 1032 824 1120 quaedam
857 1033 892 1096 in
916 1027 1040 1095 Gaium

51 1137 244 1205 Caesarem
272 1148 310 1203 ut
338 1137 560 1224 impudicum,
591 1139 662 1202 sive
689 1138 769 1202 ficto
799 1134 917 1201 habita
944 1133 1038 1198 fides.

51 1251 162 1328 atque
196 1241 238 1307 ob
272 1241 309 1306 id
342 1243 501 1307 convictu
533 1242 697 1327 principis
737 1238 924 1326 prohibitus
964 1259 1040 1303 cum
1067 1258 1093 1298 ro

52 1342 159 1410 senili
187 1367 289 1410 manu
317 1345 440 1410 ferrum
468 1345 720 1430 temptavisset,
750 1341 880 1426 obligat
916 1364 1039 1426 venas3

50 1457 282 1534 precatusque
304 1469 364 1533 per
386 1447 578 1530 codicillos,
607 1449 726 1514 immiti
749 1447 914 1533 rescripto
936 1444 1039 1511 resol-

51 1552 119 1614 vit.
155 1552 341 1616 acervatim
368 1575 412 1617 ex
435 1574 473 1616 eo
497 1551 629 1616 Annius
652 1550 776 1634 Pollio,
801 1550 927 1638 Appius
952 1548 1038 1614 Sila-

51 1677 120 1719 nus
157 1653 285 1719 Scauro
320 1653 489 1719 Mamerco
524 1654 621 1720 simul
656 1675 696 1719 ac
731 1651 857 1719 Sabino
887 1651 1037 1718 Calvisio

52 1758 249 1823 maiestatis
272 1756 498 1844 postulantur,
521 1768 555 1824 et
570 1757 770 1823 Vinicianus
786 1757 931 1823 Pollioni
947 1758 1037 1842 patri
1065 1777 1090 1818 ιε

53 1859 289 1944 adiciebatur,
314 1860 397 1927 clari
422 1883 527 1945 genus
559 1871 591 1926 et
616 1860 753 1948 quidam
777 1862 911 1927 summis
936 1861 1038 1926 hono-

53 1962 161 2028 ribus.
186 1974 524 2051 contremuerantque
551 1975 666 2051 patres
691 1966 781 2047 (nam
805 1975 925 2051 quotus
949 1966 1037 2051 quis-

55 2089 121 2152 que
154 2067 343 2133 adfinitatis
373 2077 432 2133 aut
455 2069 626 2134 amicitiae
656 2079 706 2134 tot
734 2067 927 2134 inlustrium
950 2068 1038 2132 viro-

54 2193 130 2235 rum
154 2193 273 2256 expers
299 2171 418 2255 eratl),
441 2173 476 2237 ni
493 2169 610 2237 Celsus
633 2170 785 2237 urbanae
807 2172 955 2237 cohortis
979 2172 1038 2235 tri·

54 2272 183 2356 bunus,
217 2283 288 2339 tum
316 2275 404 2340 inter
434 2272 581 2357 indices,
610 2273 756 2361 Appium
790 2284 823 2339 et
851 2271 1038 2339 Calvisium
1063 2297 1090 2336 ao

56 2377 247 2443 discrimini
281 2378 471 2444 exemisset.
516 2375 644 2442 Caesar
671 2377 833 2443 Pollionis
867 2399 908 2444 ac
941 2377 1036 2443 Vini·

55 2482 150 2546 ciani
180 2479 364 2567 Scaurique
392 2502 546 2564 causam,
575 2490 612 2546 ut
636 2483 707 2567 ipse
736 2503 812 2547 cum
836 2493 955 2549 senatu
977 2505 1036 2549 no·

56 2594 178 2667 soeret,
194 2582 345 2668 distulit,
370 2583 458 2650 datis
476 2584 677 2672 quibusdam
699 2587 735 2650 in
751 2584 915 2652 Scaurum
930 2587 1036 2651 tristi·

54 2687 119 2753 bus
142 2689 243 2754 notis.

164 2787 214 2855 10.
236 2791 286 2857 Ne
302 2792 446 2858 feminae
462 2792 596 2880 quidem
613 2803 765 2861 exsortes
782 2793 933 2880 periculi.
957 2793 1035 2881 quia

57 2894 278 2980 occupandae
308 2897 358 2960 rei
385 2895 543 2982 publicae
567 2899 664 2981 argui
693 2919 760 2963 non
788 2906 962 2984 poterant,
994 2896 1036 2962 ob

56 2999 216 3065 lacrimas
241 2997 501 3083 incusabantur3
525 3010 715 3089 necataque
743 3011 794 3067 est
817 3024 900 3067 anus
928 2999 1035 3092 Vitia,

56 3103 146 3168 Fufii
163 3099 297 3167 Gemini
313 3112 431 3184 mater,
455 3103 545 3189 quod
560 3105 622 3169 filii
637 3125 755 3170 necem
770 3104 928 3169 flevisset.
951 3103 1036 3168 haec

58 3204 147 3292 apud
172 3214 341 3271 senatum:
369 3227 432 3270 nec
463 3227 559 3271 secus
589 3205 679 3292 apud
700 3208 886 3293 prinoipem
908 3206 1035 3272 Vescu·
1062 3228 1075 3268 o

57 3307 162 3374 larius
178 3306 324 3374 Flaccus
348 3332 388 3375 ac
412 3308 517 3374 Iulius
532 3307 685 3374 Marinus
700 3309 746 3375 ad
767 3321 908 3376 mortem
931 3331 1035 3396 agun-

59 3423 122 3499 tur,
147 3415 422 3480 evetustissimis
445 3413 673 3499 familiarium,
699 3415 853 3482 Rhodum
869 3416 978 3481 secuti
1001 3424 1034 3479 et

58 3517 147 3604 apud
161 3515 311 3604 Capreas
334 3516 511 3603 individui,
534 3517 753 3590 Vescularius
776 3519 976 3585 insidiarum
999 3520 1034 3583 in

58 3619 222 3687 Libonem
255 3622 499 3704 internuntius3
532 3619 663 3688 Marino
691 3623 857 3709 participe
891 3620 1034 3689 Seianus
