2530 4084
229 317 290 382 146
551 319 728 373 ooauann
746 323 867 374 morri

226 529 426 596 quamquam
449 509 582 577 fortuna
605 510 659 578 vel
684 511 850 578 industria
872 512 1025 601 plerique
1046 518 1217 601 pecunio-

227 634 299 677 sam
322 612 367 678 ad
391 625 562 681 senectam
576 617 804 702 pervenirent,
827 619 954 682 mansit
975 627 1095 683 tamen
1118 621 1218 706 prior

225 716 366 782 animus.
391 717 451 783 sed
472 721 673 805 praecipuus
696 719 853 785 adstricti
874 722 976 787 moris
1000 734 1124 788 auctor
1147 723 1217 787 Ve-

225 821 402 904 spasianus
426 822 498 905 fuit,
522 825 659 909 antiquo
684 825 755 910 ipse
778 823 871 889 cultu
892 826 1064 911 victuque.
1111 827 1215 892 obse·

172 947 197 987 ao
224 925 338 1009 quium
361 925 439 990 inde
463 929 497 991 in
519 929 705 1015 principem
728 937 759 993 et
784 928 978 994 aemulandi
1001 951 1098 995 amor
1122 929 1214 994 vali·

225 1027 298 1094 dior
322 1051 422 1114 quam
444 1053 551 1118 poena
577 1031 774 1116 exlegibus
805 1043 838 1098 et
859 1043 978 1098 metus.
1023 1035 1093 1098 nisi
1116 1035 1212 1099 forte

222 1136 484 1240 rebusocunctis
517 1138 607 1201 inest
635 1136 771 1221 quidam
792 1135 886 1202 velut
909 1136 1016 1220 orbis,
1043 1148 1083 1202 ut
1106 1160 1212 1224 quem

224 1240 268 1306 ad
291 1239 425 1306 modum
447 1250 632 1327 temporum
654 1241 763 1323 vices,
787 1241 835 1304 ita
858 1262 987 1306 morum
1009 1251 1210 1324 vertantur3

223 1365 284 1408 nec
310 1345 421 1408 omnia
438 1342 528 1430 apud
543 1345 671 1430 priores
687 1342 837 1425 meliora,
862 1342 921 1408 sed
936 1352 1054 1409 nostra
1072 1367 1209 1433 quoque

171 1467 196 1508 25
223 1459 318 1513 aetas
334 1446 439 1512 multa
455 1445 566 1511 laudis
584 1456 617 1512 et
633 1449 755 1512 artium
771 1447 935 1512 imitanda
950 1449 1098 1534 posteris
1113 1449 1209 1514 tulit.

221 1574 336 1618 verum
358 1551 443 1617 haec
459 1551 555 1617 nobis
573 1553 607 1616 in
622 1554 766 1617 maiores
790 1554 976 1618 certamina
1000 1576 1043 1618 ex
1058 1551 1208 1618 honesto

221 1664 392 1720 maneant.

325 1757 376 1824 56.
401 1758 555 1824 Tiberius
586 1759 675 1824 fama
699 1759 941 1824 moderationis
964 1767 1081 1844 parta,
1112 1759 1208 1846 quod

222 1863 410 1946 ingruentis
435 1872 652 1928 accusatores
676 1871 901 1949 represserat,
925 1864 1031 1927 mittit
1064 1862 1205 1928 litteras

222 1965 266 2029 ad
303 1974 472 2048 senatum,
507 1967 580 2050 quis
609 1976 812 2052 potestatem
841 1966 1057 2033 tribuniciam
1087 1965 1205 2032 Druso

220 2066 368 2153 petebat.
385 2067 421 2132 id
437 2071 555 2133 summi
570 2070 703 2152 fastigii
717 2069 918 2134 vocabulum
932 2069 1109 2153 Augustus
1129 2093 1205 2157 rep-

181 2209 194 2248 5
219 2172 316 2257 perit,
339 2194 381 2237 ne
403 2174 494 2256 regis
518 2181 575 2236 aut
601 2172 776 2238 dictatoris
798 2194 918 2238 nomen
942 2172 1140 2238 adsumeret
1164 2197 1204 2238 ac

219 2285 332 2342 tamen
363 2277 589 2363 appellatione
619 2277 733 2364 aliqua
756 2286 868 2342 cetera
892 2276 1032 2361 imperia
1054 2279 1204 2361 praemi-

219 2392 323 2448 neret.
369 2383 520 2450 Marcum
544 2383 664 2448 deinde
686 2380 871 2467 Agrippam
895 2381 1022 2444 socium
1045 2381 1120 2444 eius
1145 2401 1203 2465 po-

220 2488 372 2570 testatis,
407 2509 469 2571 quo
495 2487 651 2551 defuncto
674 2483 846 2548 Tiberium
867 2483 1035 2547 Neronem
1059 2480 1202 2567 delegit,

218 2613 261 2654 ne
286 2591 516 2656 successoria
540 2591 668 2654 incerto
691 2588 788 2653 foret.
827 2588 875 2651 sic
899 2585 1049 2650 cohiberi
1071 2607 1202 2670 pravas

169 2723 194 2763 ro
221 2692 364 2759 aliorum
387 2715 462 2778 spes
485 2691 641 2774 rebatur3
666 2690 763 2755 simul
786 2689 974 2755 modestiae
995 2689 1144 2753 Neronis
1170 2699 1202 2752 et

221 2819 302 2863 suae
323 2795 549 2879 magnitudini
568 2793 706 2859 fidebat.
731 2814 794 2880 quo
824 2802 904 2857 tunc
929 2789 1081 2876 exemplo
1099 2791 1200 2856 Tibe-

222 2905 291 2967 rius
315 2901 462 2965 Drusum
490 2920 638 2963 summae
661 2899 711 2961 rei
740 2896 905 2977 admovit,
939 2916 1013 2958 cum
1037 2893 1199 2958 incolumi

222 3003 424 3070 Germanico
441 3005 610 3086 integrum
627 3003 714 3065 inter
737 2999 820 3064 duos
844 2999 1005 3063 iudicium
1020 2999 1198 3062 tenuisset.

220 3111 280 3176 sed
308 3110 474 3197 principio
504 3108 694 3173 litterarum
716 3112 897 3170 veneratus
923 3101 1018 3186 deos,
1051 3111 1092 3165 ut
1120 3122 1199 3165 con·
1257 3159 1258 3234 p

166 3241 191 3280 15
219 3217 296 3281 silia
332 3238 392 3281 sua
425 3215 476 3279 rei
508 3211 666 3299 publicae
698 3216 950 3297 prosperarent,
984 3205 1122 3270 modica
1157 3204 1199 3270 de
1257 3247 1258 3256 η

217 3320 363 3386 moribus
398 3317 628 3383 adulescentis
658 3335 765 3400 neque
795 3314 830 3377 in
858 3309 980 3376 falsum
1004 3319 1109 3375 aucta
1130 3319 1197 3374 ret·
1257 3399 1258 3404 γ

218 3423 306 3487 tulit.
352 3443 426 3487 esse
456 3418 506 3483 illi
535 3420 713 3500 coniugem
746 3424 779 3481 et
808 3425 877 3480 tres
906 3413 1031 3479 liberos
1056 3434 1196 3499 eamque
1257 3449 1258 3522 p

220 3532 383 3607 aetatem,
418 3545 484 3608 qua
519 3523 591 3608 ipse
618 3519 787 3606 quondam
816 3541 837 3583 a
867 3517 944 3583 divo
968 3516 1124 3600 Augusto
1148 3515 1196 3581 ad
1257 3525 1258 3552 ¹

219 3625 462 3707 capessendum
484 3623 547 3687 hoc
576 3646 695 3689 munus
719 3632 859 3687 vocatus
884 3623 938 3686 sit.
973 3642 1082 3706 neque
1105 3642 1194 3686 nuuc
1257 3609 1258 3667 l
