2500 4084
270 318 316 373 Aa
336 315 499 369 nxcnssu
519 305 678 370 Aucusr'r
697 317 742 368 vr.
763 315 839 373 a-o.
978 315 1041 380 219

165 511 196 575 4.
220 510 267 576 Ut
289 532 368 575 vero
392 509 566 575 Latinium
587 508 761 574 Latiarem
784 509 956 592 ingressus
980 517 1042 591 ost,

50 624 244 681 accusator
267 637 307 680 ac
330 637 406 679 reus
431 615 526 679 iuxta
550 614 650 679 invisi
667 614 896 697 gratissimum
912 620 1041 698 specta-

49 718 172 785 culum
196 716 415 804 praebebant.
444 716 607 798 Latiaris,
630 726 668 782 ut
690 714 819 798 rettuli,
842 717 1041 802 praecipuus

54 823 142 888 olim
172 820 460 887 circumveniendi
482 820 565 885 Titii
589 818 707 885 Sabini
737 827 769 883 et
793 830 873 885 tuno
897 817 1041 885 luendae

50 949 189 1011 poenae
211 927 336 1010 primus
360 925 433 989 fuit.
480 925 568 989 inter
596 945 682 1010 quae
704 923 866 988 Haterius
889 921 1041 1010 Agrippa
1068 941 1081 979 ⁵

51 1028 217 1095 consules
234 1031 313 1095 anni
329 1030 451 1116 prioris
469 1030 604 1112 invasit,
620 1051 680 1094 cur
694 1038 808 1094 mutua
825 1027 1042 1093 accusatione

52 1136 194 1200 intenta
210 1155 298 1199 nunc
323 1132 475 1198 silerent:
498 1142 622 1199 metum
636 1155 770 1220 prorsus
789 1141 821 1197 et
837 1153 949 1198 noxae
963 1152 1041 1194 con·

53 1239 239 1302 scientiam
255 1259 313 1323 pro
330 1236 465 1301 foedere
487 1234 621 1319 haberi3
644 1245 681 1301 at
703 1258 770 1301 non
786 1234 940 1321 patribus
963 1236 1040 1299 reti-

53 1341 171 1406 cenda
195 1363 280 1428 quae
309 1339 531 1405 audivissent.
575 1338 723 1423 Regulus
752 1361 888 1403 manere
912 1347 1041 1423 tempus

54 1445 213 1527 ultionis,
238 1464 337 1529 seque
360 1464 475 1508 coram
496 1444 647 1530 principe
671 1452 924 1525 exsecuturum3
960 1440 1040 1507 Trio
1068 1460 1094 1498 to

55 1547 322 1613 aemulationem
352 1548 441 1612 inter
469 1545 619 1630 collegas
649 1556 681 1610 et
714 1547 742 1610 si
771 1568 836 1632 qua
867 1544 1040 1610 discordes

56 1653 221 1716 iecissent
265 1650 383 1715 melius
430 1649 621 1716 oblitterari
661 1650 845 1736 respondit.
897 1659 1040 1734 urgente

57 1754 214 1840 Agrippa
239 1752 442 1840 Sanquinius
458 1753 627 1818 Maximus
645 1776 663 1818 e
679 1752 912 1819 consularibus
930 1757 1041 1820 oravit

58 1869 234 1942 senatum,
257 1881 300 1923 ne
323 1881 422 1923 curas
446 1859 658 1943 imperatoris
682 1859 881 1941 conquisitis
905 1859 1040 1946 insuper

57 1961 308 2030 acerbitatibus
332 1971 511 2044 augerent:
544 1961 695 2025 sufficere
718 1962 827 2046 ipsum
850 1962 1039 2027 statuendis
1069 1975 1093 2015 1⁵

56 2064 229 2131 remediis.
261 2066 308 2129 sio
331 2062 460 2148 Regulo
484 2062 577 2128 salus
602 2073 635 2128 et
658 2063 775 2128 Trioni
799 2064 918 2130 dilatio
943 2067 1039 2130 exitii

58 2171 224 2256 quaesita.
271 2167 432 2232 Haterius
461 2167 602 2231 invisior
624 2167 704 2247 fuit,
739 2168 819 2252 quia
843 2189 957 2233 somno
982 2178 1039 2233 aut

57 2271 251 2337 libidinosis
267 2270 395 2354 vigiliis
415 2269 588 2334 marcidus
606 2273 646 2334 ‘et
670 2269 711 2334 ob
730 2272 910 2360 segnitiam
925 2295 1039 2358 quam-

58 2378 110 2441 vis
143 2373 313 2440 crudelem
340 2375 527 2460 prinoipem
554 2395 621 2438 non
651 2383 802 2440 metuens
840 2374 1038 2441 inlustribus

59 2480 143 2543 viris
166 2478 347 2564 perniciem
381 2479 468 2542 inter
503 2497 647 2559 ganeam
681 2498 721 2542 ac
754 2487 869 2562 stupra
897 2477 1038 2542 medita·
1066 2496 1092 2534 20

59 2581 172 2646 batur.

162 2683 192 2748 5.
215 2684 317 2750 Exim
340 2683 441 2750 Cotta
456 2684 669 2768 Messalinus,
694 2686 913 2750 saevissimae
930 2688 1038 2752 cuius-

62 2811 127 2873 que
162 2789 351 2852 sententiae
386 2799 506 2855 auctor
534 2809 638 2873 eoque
673 2789 863 2853 inveterata
899 2789 1039 2873 invidia,

59 2891 116 2956 ubi
140 2893 281 2977 primum
315 2892 462 2957 facultas
499 2892 597 2975 data,
621 2893 786 2975 'arguitur
813 2890 973 2978 pleraque
1005 2894 1039 2956 in

60 2993 96 3059 C.
120 2992 303 3060 Caesarem
325 2997 422 3080 quasi
446 2997 594 3061 incertae
618 2993 804 3077 virilitatis,
829 3003 960 3060 etcum
984 2995 1038 3061 dic

60 3098 168 3163 natali
184 3097 360 3182 Augustae
380 3099 468 3164 inter
484 3099 677 3164 sacerdotes
695 3097 895 3184 epularetur,
915 3121 1038 3164 noven-
1067 3115 1079 3154 5

62 3201 184 3266 dialem
207 3225 281 3266 earn
305 3224 424 3267 cenam
449 3201 592 3285 dixisse3
622 3223 829 3288 querensque
859 3202 900 3268 de
923 3212 1038 3289 poten·

61 3307 107 3370 tia
130 3304 185 3367 M'.
209 3304 331 3391 Lepidi
354 3327 394 3370 ac
417 3305 457 3369 L.
482 3305 645 3388 Arruntii,
669 3328 745 3371 cum
768 3305 886 3392 quibus
910 3307 1038 3372 obrem

61 3408 288 3494 pecuniariam
314 3407 545 3494 disceptabat,
575 3408 766 3474 addidisse:
790 3406 879 3475 ‘illos
904 3409 1038 3496 quidem

63 3521 207 3593 senatus,
232 3533 284 3575 me
307 3521 420 3576 autem
436 3512 585 3577 tuebitur
600 3511 791 3576 Tiberiolus
814 3517 927 3577 meus!
952 3535 1037 3598 quae

63 3624 181 3686 ounota
205 3635 225 3680 a
247 3614 448 3706 primoribus
473 3617 623 3686 civitatis
647 3614 899 3701 revincebatur,
931 3618 1037 3712 iisque
1068 3637 1090 3678 ro
