2552 4084
288 285 334 343 Ae
352 283 516 336 excussu
533 281 692 336 Aueusm
711 284 732 332 1.
750 283 860 334 44-48.
1023 283 1064 346 33

67 476 161 542 dum
187 486 303 562 patres
328 485 360 541 et
383 474 524 562 plebem,
548 474 700 540 invalida
725 484 758 540 et
782 474 932 556 inermia,
963 493 1064 537 cunc·

67 581 218 646 tatione
246 578 326 644 ficta
355 577 562 664 ludificetur,
593 577 758 643 dissideat
792 579 928 643 interim
966 576 1062 642 miles
1090 594 1103 634 ⁵

67 705 196 770 neque
220 682 359 748 duorum
382 681 649 748 adulescentium
671 681 820 747 nondum
843 680 961 747 adulta
985 703 1063 746 aue-

70 789 226 853 toritate
255 786 429 872 comprimi
457 795 568 874 queat.
613 788 661 850 ire
692 787 800 871 ipsum
830 796 863 850 et
897 806 1064 871 opponere

69 892 299 956 maiestatem
339 890 590 976 imperatoriam
625 889 782 955 debuisse
813 891 975 972 cessuris,
1005 889 1063 954 ubi

69 993 272 1079 principem
293 991 396 1076 longa
421 995 630 1079 experientia
648 992 855 1081 eundemque
871 994 1063 1058 severitatis

71 1107 110 1162 et
134 1096 390 1161 munificentiae
414 1119 575 1162 summum
597 1096 773 1162 vidissent.
813 1119 855 1163 an
872 1096 1063 1180 Augustum
1091 1110 1116 1148 1⁰

71 1201 175 1265 fessa
206 1209 320 1264 aetate
350 1201 474 1265 totiens
504 1203 537 1265 in
563 1198 764 1266 Germanias
788 1223 976 1266 commeare
1005 1221 1062 1286 po·

72 1306 203 1370 tuisse:
227 1303 398 1369 Tiberium
420 1305 592 1388 vigentem
615 1307 712 1369 annis
737 1304 855 1370 sedere
878 1307 913 1370 in
930 1314 1061 1386 senatu,

76 1407 192 1474 verba
220 1418 354 1493 patrum
383 1407 625 1473 cavillantem?
654 1409 739 1473 satis
768 1419 981 1494 prospectum
1009 1432 1062 1472 ur·

74 1513 196 1576 banaa
220 1513 391 1577 servituti:
414 1510 618 1577 militaribus
643 1513 764 1577 animis
788 1510 984 1577 adhibenda
1012 1511 1059 1576 fo·

76 1627 208 1698 menta,
232 1625 269 1681 ut
292 1615 379 1680 ferre
401 1637 520 1702 pacem
543 1615 660 1681 velint.
1090 1627 1115 1667 1⁵

186 1717 240 1784 47.
264 1719 441 1785 Immotum
471 1719 634 1784 adversus
664 1741 720 1785 eos
751 1740 921 1784 sermones
943 1719 1062 1785 fixum-

80 1847 148 1912 que
173 1821 310 1888 Tiberio
333 1824 397 1889 fuit
419 1846 487 1889 non
511 1825 665 1891 omittere
698 1833 799 1909 eaput
822 1845 932 1888 rerum
955 1844 1062 1909 neque

81 1952 119 1993 se
144 1947 281 2015 remque
302 1927 475 2014 publicam
497 1931 532 1994 in
556 1951 672 1994 casum
696 1928 787 1994 dare.
810 1927 916 1993 multa
940 1928 1062 2014 quippe

80 2045 115 2098 et
133 2031 270 2097 diversa
286 2032 473 2116 angebant:
496 2032 644 2098 validior
658 2055 717 2119 per
734 2029 952 2098 Germaniam
967 2053 1062 2095 exer-

79 2138 180 2219 eitus,
203 2137 338 2221 propior
354 2135 445 2222 apud
459 2136 688 2220 Pannoniam3
712 2135 770 2200 ille
786 2133 976 2200 Galliarum
992 2135 1061 2218 opi·
1088 2147 1101 2187 5

80 2239 145 2304 bus
180 2236 354 2320 subnixus,
388 2238 443 2303 hic
467 2237 591 2304 Italiae
625 2240 807 2304 inminens:
841 2259 922 2325 quos
959 2238 1063 2320 igitur

83 2341 294 2408 anteferret?
319 2363 359 2406 ac
388 2365 431 2407 ne
461 2343 641 2428 postpositi
668 2341 873 2407 contumelia
902 2339 1062 2406 incende-

82 2455 209 2511 rentur.
233 2455 269 2510 at
290 2466 350 2530 per
372 2443 459 2510 filios
482 2445 611 2530 pariter
634 2442 724 2508 adiri
752 2445 931 2510 maiestate
955 2443 1061 2526 salva,

83 2550 138 2614 cui
160 2549 268 2614 maior
284 2570 303 2612 e
318 2547 501 2636 longinquo
517 2551 718 2613 reverentia.
744 2546 841 2613 simul
865 2548 1061 2613 adulescen-

85 2653 176 2719 tibus
199 2664 396 2718 exeusatum
418 2652 585 2741 quaedam
608 2653 653 2718 ad
675 2663 805 2739 patrem
835 2652 979 2736 reicere,
1009 2675 1060 2717 re·
1089 2666 1114 2705 1⁰

85 2757 300 2843 sistentisque
316 2754 518 2822 Germanico
543 2767 602 2823 aut
617 2757 730 2822 Druso
753 2779 852 2842 posse
876 2780 896 2822 a
919 2779 956 2822 se
971 2758 1060 2822 miti·

85 2862 158 2944 geri
179 2859 233 2925 vel
256 2861 412 2944 infringi:
435 2860 525 2948 quod
548 2860 643 2926 aliud
665 2859 869 2946 subsidium,
900 2861 930 2926 si
958 2863 1060 2946 impe-

85 2974 228 3030 ratorem
250 2964 480 3049 sprevissent?
503 2975 651 3030 ceterum
680 2975 718 3030 ut
741 2966 809 3030 iam
832 2967 965 3051 iamque
996 2967 1060 3028 itu-

86 3090 141 3132 rus
162 3066 246 3152 legit
268 3069 418 3151 comites,
442 3070 647 3157 conquisivit
676 3067 931 3154 impedimenta,
962 3067 1060 3132 ador-

86 3172 179 3238 navit
200 3194 322 3237 naves:
344 3194 424 3238 mox
446 3173 588 3238 hiemem
617 3181 676 3236 aut
702 3173 840 3254 negotia
864 3173 959 3237 varie
982 3193 1060 3237 cau·
1089 3185 1112 3226 ¹⁵

88 3285 177 3342 satus
208 3277 315 3362 primo
349 3274 542 3361 prudentes,
578 3274 656 3342 dein
679 3274 833 3359 vulgum,
870 3276 1059 3342 diutissime

86 3379 273 3466 provincias
294 3377 427 3445 fefellit.

181 3478 235 3548 48.
249 3480 297 3549 At
309 3479 541 3568 Germanicus,
557 3506 759 3572 quamquam
770 3493 946 3551 contracto
963 3504 1057 3548 exer·

86 3589 151 3652 oitu
165 3595 198 3652 et
210 3597 334 3672 parata
350 3589 385 3653 in
402 3587 587 3655 defectores
610 3587 749 3674 ultione,
774 3587 922 3653 dandum
944 3581 1057 3651 adhuc

134 3717 256 3764 metros,
269 3721 287 3764 1.
973 3725 989 3771 3
