2534 4084
257 278 302 326 AB
321 275 484 328 EXGESSU
502 277 662 330 AUGUSTI
680 279 700 327 Ι.
721 281 829 329 13-16,
992 279 1031 341 13

33 469 144 553 piens
172 489 216 531 no
244 464 397 530 lictorem
431 465 566 551 quidem
599 466 629 529 ci
654 464 789 530 decerni
823 488 945 552 passus
980 477 1033 532 est
1083 463 1084 472 ’

36 591 213 656 aramque
229 568 420 655 adoptionis
438 579 471 634 et
496 569 565 635 alia
582 569 720 634 huiusce
735 568 826 634 modi
848 569 1031 654 prohibuit.

37 683 79 739 at
89 671 299 738 Germanico
308 671 449 738 Caesari
460 671 701 758 proconsulare
713 673 887 757 imperium
899 675 1031 758 petivit,
1059 690 1084 729 1⁰

38 777 215 860 missique
231 775 335 858 legati
353 777 408 860 qui
426 774 606 857 deferrent,
624 774 722 838 simul
738 776 945 841 maestitiam
960 778 1032 842 eius

43 877 90 943 ob
117 900 296 943 excessum
320 869 467 961 Augusti
491 876 692 942 solarentur.
722 897 786 962 quo
809 879 919 944 minus
943 879 1032 944 idem

43 1005 109 1067 pro
126 982 241 1046 Druso
264 981 505 1066 postularetur,
529 1003 568 1046 ea
591 1001 695 1046 causa
718 981 809 1066 quod
833 981 1030 1065 designatus

44 1084 173 1150 consul
195 1084 327 1150 Drusus
349 1105 579 1170 praesensque
603 1093 686 1149 erat.
710 1084 912 1149 candidatos
936 1107 1032 1170 prae·

45 1201 151 1253 turae
177 1188 353 1254 duodecim
375 1189 579 1272 nominavit,
606 1210 780 1252 numerum
809 1187 852 1252 ab
876 1187 1032 1272 Augusto
1059 1205 1083 1242 1⁵

44 1293 234 1376 traditum,
272 1301 306 1356 et
343 1292 502 1357 hortante
539 1301 660 1357 senatu
677 1301 730 1356 ·ut
768 1302 924 1376 augeret,
958 1293 1032 1358 iure

47 1395 199 1462 iurando
222 1396 403 1462 obstrinxit
428 1417 554 1460 senon
578 1417 804 1461 excessurum.

162 1495 211 1562 15.
234 1498 319 1564 Tum
340 1501 485 1585 primum
509 1522 527 1564 e
550 1519 669 1584 campo
686 1501 825 1564 comitia
848 1499 894 1564 ad
915 1508 1031 1584 patres

48 1601 224 1668 translata
247 1612 341 1668 sunt:
364 1625 444 1668 nam
466 1602 512 1666 ad
535 1624 609 1667 eam
632 1601 731 1684 diem,
761 1604 824 1668 etsi
853 1605 1031 1687 potissima

48 1705 197 1771 arbitrio
219 1707 392 1792 principis,
415 1705 581 1791 quaedam
602 1715 715 1772 tamen
740 1705 861 1771 studiis
884 1706 1033 1772 tribuum

49 1808 192 1874 fiebant.
215 1829 323 1893 neque
345 1807 486 1894 populus
510 1808 704 1894 ademptum
737 1810 789 1872 ius
814 1818 951 1895 questus
980 1819 1033 1876 est

49 1913 119 1976 nisi
143 1909 238 1975 inani
260 1933 401 1994 rumore,
425 1920 458 1976 et
482 1921 622 1984 senatus
637 1910 876 1995 largitionibus
900 1936 940 1977 ac
956 1936 1029 1999 pre·
1058 1932 1070 1971 ⁵

51 2016 152 2081 cibus
176 2015 323 2081 sordidis
348 2015 522 2081 exsolutus
545 2015 656 2081 libens
680 2017 804 2098 tenuit,
833 2017 1031 2082 moderante

52 2119 192 2184 Tiberio
215 2140 257 2183 ne
279 2118 390 2204 plures
414 2140 513 2205 quam
537 2128 695 2205 quattuor
717 2118 920 2185 candidatos
943 2141 1031 2185 oom-

52 2223 242 2306 mendaret,
258 2225 330 2287 sine
344 2223 479 2309 repulsa
496 2232 530 2288 et
545 2223 676 2288 ambitu
688 2222 927 2306 designandos.
944 2225 1032 2288 inter

55 2349 142 2412 quac
165 2326 292 2391 tribuni
319 2326 441 2412 plebei.
460 2327 622 2412 petivere,
655 2335 693 2391 ut
727 2328 862 2412 proprio
898 2336 1032 2412 sumptu

54 2430 194 2494 ederent
217 2428 325 2513 ludos,
348 2431 404 2516 qui
421 2429 463 2495 de
485 2431 619 2495 nomine
634 2429 781 2513 Augusti
803 2429 904 2495 fastis
920 2428 1031 2494 additi
1058 2449 1084 2488 10

55 2531 262 2618 Augustales
296 2543 510 2600 vocarentur.
545 2534 606 2599 sed
641 2533 777 2599 decreta
810 2534 955 2619 pecunia
988 2555 1032 2598 ex

57 2637 198 2719 cerame,
221 2648 324 2723 utque
346 2659 406 2723 per
421 2637 547 2702 circum
569 2635 764 2722 triumphali
779 2645 875 2701 veste
898 2645 1030 2701 uteren-
1077 2683 1079 2689 ι

57 2752 127 2806 tur:
150 2763 250 2804 curru
272 2741 349 2804 vehi
377 2741 469 2808 haud
490 2741 701 2826 permissum.
735 2762 814 2805 mox
847 2739 1030 2805 celebratio

58 2867 169 2908 annua
193 2843 238 2908 ad
260 2853 449 2930 praetorem
472 2843 652 2928 translata,
686 2845 742 2908 cui
764 2845 853 2907 inter
881 2844 973 2908 cives
998 2853 1031 2908 ct

57 2948 252 3033 peregrinos
276 2947 469 3014 iurisdictio
492 2950 672 3014 evenisset.
1059 2978 1083 3018 15

161 3050 212 3114 16.
235 3050 303 3115 Hic
325 3073 436 3116 rerum
458 3050 664 3117 urbanarum
699 3059 809 3115 status
832 3057 921 3132 erat,
955 3069 1032 3113 cum

59 3154 268 3219 Pannonicas
291 3151 443 3236 legiones
473 3153 595 3220 seditio
623 3155 777 3237 incessit,
807 3151 910 3218 nullis
933 3153 1030 3217 novis

60 3257 179 3336 causis,
202 3257 269 3320 nisi
292 3256 383 3342 quod
403 3266 553 3322 mutatus
575 3258 733 3343 princeps
760 3255 933 3321 licentiam
962 3264 1030 3319 tur·

61 3361 176 3425 barum
199 3367 234 3423 et
255 3381 299 3424 ex
321 3357 416 3424 civili
438 3359 528 3424 bello
553 3382 645 3445 spem
667 3361 891 3445 praemiorum
920 3367 1030 3424 osten·

63 3463 173 3528 debat.
205 3463 327 3527 castris
361 3463 502 3528 aestivis
524 3472 594 3528 tres
618 3461 717 3528 simul
749 3462 901 3546 legiones
929 3459 1031 3526 habe·
1058 3493 1070 3533 5

61 3566 192 3648 bannrr,
212 3564 427 3650 praesidente
449 3566 545 3633 Iunio
561 3565 696 3648 Blaeso,
719 3567 776 3652 qui
797 3566 863 3630 fine
883 3564 1030 3648 Augusti
