2530 4084
194 284 272 368 ,118
537 285 709 338 CORNELII
727 284 851 337 nsum

209 477 416 541 maestitiam
438 499 548 543 meam
572 486 719 563 spectet,
747 499 811 544 nec
841 478 870 543 si
894 499 959 564 qua
982 478 1017 542 in
1039 499 1104 542 nos
1130 475 1186 541 ad·
1254 497 1255 518 ³

208 601 309 644 versa
331 577 522 664 finguntur.'

315 681 363 746 13.
385 682 487 748 Exim
509 683 649 751 biduum
672 684 869 751 criminibus
899 684 1087 749 obiciendis
1121 693 1187 749 sta·

208 788 314 852 tuitur
346 796 448 872 utque
489 810 550 852 sex
591 788 720 854 dierum
755 789 865 874 spatio
898 789 1073 854 interiecto
1110 808 1188 850 reus

207 912 267 977 per
295 890 445 955 triduum
475 891 722 958 defenderetur.
767 902 839 957 tum
860 891 1038 956 Fulcinius
1068 899 1188 956 vetera

208 1003 242 1057 et
275 994 391 1058 inania
427 993 573 1079 orditur,
608 995 787 1061 ambitioso
824 1017 992 1081 avareque
1031 995 1189 1062 habitam

168 1095 426 1182 ⁵Hispaniam3
455 1096 545 1183 quod
566 1121 675 1185 neque
698 1101 890 1165 convictum
911 1121 1024 1164 noxae
1047 1121 1122 1183 reo,
1160 1099 1189 1162 si
1251 1132 1252 1140 κ

206 1202 357 1264 recentia
373 1209 546 1285 purgaret,
564 1223 671 1287 neque
689 1202 861 1268 defensum
877 1201 1086 1269 absolutioni
1100 1211 1188 1282 erat,

207 1304 236 1367 si
263 1311 436 1369 teneretur
464 1304 648 1371 maioribus
682 1305 833 1390 flagitiis.
878 1316 954 1391 post
983 1327 1082 1391 quem
1110 1304 1188 1370 Ser-

206 1429 310 1472 vaeus
343 1417 374 1472 et
404 1407 573 1473 Veranius
609 1418 642 1473 et
670 1407 830 1474 Vitellius
863 1407 1031 1474 consimili
1062 1408 1187 1488 studio,

207 1519 240 1575 et
263 1509 370 1576 multa
400 1510 592 1598 eloquentia
615 1511 790 1596 Vitellius,
821 1512 976 1578 obiecere
1000 1512 1078 1579 odio
1102 1511 1187 1578 Ger·

152 1637 179 1678 10
206 1615 331 1681 manici
360 1625 392 1680 et
416 1639 527 1680 rerum
549 1638 712 1681 novarum
741 1616 852 1681 studio
876 1617 1034 1681 Pisonem
1062 1616 1186 1700 vulgus

205 1717 348 1784 militum
382 1741 441 1804 per
479 1719 653 1784 licentiam
695 1728 726 1783 et
762 1721 927 1785 sociorum
962 1721 1105 1786 iniurias
1147 1740 1186 1784 eo

205 1843 310 1907 usque
327 1823 530 1908 conrupisse,
554 1832 591 1888 ut
613 1844 735 1908 parens
763 1823 933 1906 legionum
957 1846 977 1888 a
995 1823 1185 1889 deterrimis

206 1925 449 2011 appellaretur3
472 1936 591 1992 contra
607 1928 641 1990 in
666 1928 825 2014 optimum
841 1949 1014 2014 quemque,
1037 1930 1187 1992 maxime

206 2028 240 2092 in
256 2031 394 2094 comites
413 2039 445 2093 et
469 2030 595 2095 amicos
613 2027 809 2096 Germanici
826 2031 993 2113 saevisse,
1015 2041 1184 2117 postremo

154 2155 178 2194 15
205 2134 313 2219 ipsum
345 2133 577 2200 devotionibus
617 2145 650 2200 et
680 2157 809 2200 veneno
847 2137 1046 2222 peremisse,
1085 2157 1185 2202 sacra

204 2236 283 2301 hinc
307 2246 339 2303 et
363 2237 607 2304 immolationes
636 2239 800 2305 nefandas
830 2240 933 2325 ipsius
959 2247 1061 2325 atque
1083 2238 1185 2303 Plan·

205 2343 312 2425 cinae,
335 2344 477 2428 petitam
494 2344 595 2410 armis
619 2366 688 2408 rem
704 2341 883 2429 publicam,
906 2351 1009 2429 utque
1032 2365 1112 2407 reus
1130 2343 1185 2426 agi

204 2455 328 2529 posset,
353 2447 426 2510 acie
449 2447 588 2511 victum.

309 2548 357 2614 14.
380 2549 540 2615 Defensio
563 2550 598 2614 in
614 2551 734 2616 ceteris
752 2550 951 2637 trepidavit3
974 2572 1054 2616 nam
1076 2571 1186 2636 neque

204 2651 420 2718 ambitionem
449 2653 631 2719 militarem
662 2675 771 2740 neque
798 2655 1009 2739 provinciam
1036 2654 1185 2739 pessimo

204 2756 323 2840 cuique
351 2756 549 2840 obnoxiam,
577 2779 619 2822 ne
654 2756 874 2823 contumelias
902 2757 1036 2843 quidem
1063 2756 1186 2822 adver·

205 2880 276 2923 sum
305 2861 540 2946 imperatorem
569 2861 708 2926 infitiari
742 2869 893 2947 poterat:
924 2860 1032 2926 solum
1061 2862 1185 2928 veneni

164 2984 177 3023 s
204 2963 329 3028 crimen
359 2966 450 3030 visus
487 2974 537 3030 est
573 2964 727 3049 diluisse,
762 2964 852 3052 quod
887 2987 930 3030 ne
965 2974 1183 3031 accusatores

204 3066 338 3152 quidem
368 3069 451 3132 satis
481 3066 679 3151 firmabant,
714 3070 748 3132 in
785 3069 941 3133 convivio
976 3065 1183 3150 Germanici,

203 3192 278 3235 cum
301 3192 491 3256 supereum
509 3171 586 3236 Piso
606 3170 842 3254 discumberet,
867 3171 1010 3237 infectos
1025 3170 1181 3236 manibus

203 3275 273 3339 eius
297 3273 391 3339 cibos
414 3284 606 3358 arguentes.
653 3277 772 3363 quippe
797 3275 978 3342 absurdum
1000 3273 1182 3341 videbatur

203 3377 291 3442 inter
314 3376 425 3442 aliena
450 3380 587 3442 servitia
612 3387 644 3442 et
672 3386 723 3442 tot
747 3378 959 3444 adstantium
987 3380 1077 3462 visu,
1108 3379 1179 3465 ipso

153 3495 178 3534 1⁰
205 3475 407 3544 Germanico
424 3500 547 3563 coram,
570 3480 606 3545 id
622 3501 754 3564 ausum3
778 3480 1003 3568 offerebatque
1018 3479 1180 3548 familiam

205 3600 282 3643 reus
299 3590 332 3644 et
347 3582 519 3645 ministros
536 3583 570 3645 in
586 3591 753 3648 tormenta
767 3583 960 3668 flagitabat.
977 3585 1038 3652 ssd
1053 3584 1178 3652 iudices

170 3799 186 3884 l
