<?xml version="1.0" encoding="UTF-8"?>
<!DOCTYPE html PUBLIC "-//W3C//DTD XHTML 1.0 Transitional//EN"
    "http://www.w3.org/TR/xhtml1/DTD/xhtml1-transitional.dtd">
<html xmlns="http://www.w3.org/1999/xhtml" xml:lang="en" lang="en">
 <head>
  <title>
</title>
<meta http-equiv="Content-Type" content="text/html;charset=utf-8" />
  <meta name='ocr-system' content='tesseract 3.04.00' />
  <meta name='ocr-capabilities' content='ocr_page ocr_carea ocr_par ocr_line ocrx_word'/>
</head>
<body>
  <div class='ocr_page' id='page_1' title='image "./corneliitacitia03tacigoog_0164.png"; bbox 0 0 2530 4084; ppageno 0'>
   <div class='ocr_carea' id='block_1_1' title="bbox 244 289 1043 356">
    <p class='ocr_par' dir='ltr' id='par_1_1' title="bbox 244 289 1043 356">
     <span class='ocr_line' id='line_1_1' title="bbox 244 289 1043 356; baseline 0.008 -16"><span class='ocrx_word' id='word_1_1' title='bbox 244 291 290 341; x_wconf 82' lang='lat' dir='ltr'>AB</span> <span class='ocrx_word' id='word_1_2' title='bbox 309 289 472 342; x_wconf 80' lang='lat' dir='ltr'>EXCESSU</span> <span class='ocrx_word' id='word_1_3' title='bbox 490 289 648 343; x_wconf 78' lang='lat' dir='ltr'>AUGUSTI</span> <span class='ocrx_word' id='word_1_4' title='bbox 666 292 716 342; x_wconf 89' lang='grc' dir='ltr'><strong>ΙΙΙ.</strong></span> <span class='ocrx_word' id='word_1_5' title='bbox 737 292 846 346; x_wconf 78' lang='grc'><strong>15-17.</strong></span> <span class='ocrx_word' id='word_1_6' title='bbox 984 291 1043 356; x_wconf 75' lang='grc'>121</span> 
     </span>
    </p>
   </div>
   <div class='ocr_carea' id='block_1_2' title="bbox 65 479 1100 569">
    <p class='ocr_par' dir='ltr' id='par_1_2' title="bbox 65 479 1100 569">
     <span class='ocr_line' id='line_1_2' title="bbox 65 479 1100 569; baseline -0.001 -23"><span class='ocrx_word' id='word_1_7' title='bbox 65 480 228 565; x_wconf 84' lang='lat' dir='ltr'>Augusto</span> <span class='ocrx_word' id='word_1_8' title='bbox 251 483 385 569; x_wconf 90' lang='lat' dir='ltr'>parenti</span> <span class='ocrx_word' id='word_1_9' title='bbox 408 492 466 548; x_wconf 93' lang='lat' dir='ltr'>tuo</span> <span class='ocrx_word' id='word_1_10' title='bbox 488 481 652 568; x_wconf 87' lang='lat' dir='ltr'>probatus</span> <span class='ocrx_word' id='word_1_11' title='bbox 683 490 716 546; x_wconf 89' lang='lat' dir='ltr'>et</span> <span class='ocrx_word' id='word_1_12' title='bbox 746 479 809 546; x_wconf 90' lang='lat' dir='ltr'>tibi</span> <span class='ocrx_word' id='word_1_13' title='bbox 833 481 961 546; x_wconf 88' lang='lat' dir='ltr'>amicus</span> <span class='ocrx_word' id='word_1_14' title='bbox 984 502 1047 545; x_wconf 90' lang='lat' dir='ltr'>nec</span> <span class='ocrx_word' id='word_1_15' title='bbox 1074 497 1100 537; x_wconf 74' lang='lat'>³0</span> 
     </span>
    </p>
   </div>
   <div class='ocr_carea' id='block_1_3' title="bbox 61 581 1098 3671">
    <p class='ocr_par' dir='ltr' id='par_1_3' title="bbox 62 581 1046 772">
     <span class='ocr_line' id='line_1_3' title="bbox 65 581 1046 672; baseline -0.002 -23"><span class='ocrx_word' id='word_1_16' title='bbox 65 586 251 671; x_wconf 90' lang='lat' dir='ltr'>quicquam</span> <span class='ocrx_word' id='word_1_17' title='bbox 282 595 359 672; x_wconf 87' lang='lat' dir='ltr'>post</span> <span class='ocrx_word' id='word_1_18' title='bbox 392 586 476 651; x_wconf 89' lang='lat' dir='ltr'>haec</span> <span class='ocrx_word' id='word_1_19' title='bbox 509 592 689 669; x_wconf 81' lang='lat' dir='ltr'>rogaturus</span> <span class='ocrx_word' id='word_1_20' title='bbox 724 584 867 649; x_wconf 88' lang='lat' dir='ltr'>salutem</span> <span class='ocrx_word' id='word_1_21' title='bbox 901 581 1046 648; x_wconf 88' lang='lat' dir='ltr'>infelicis</span> 
     </span>
     <span class='ocr_line' id='line_1_4' title="bbox 62 685 783 772; baseline 0.003 -21"><span class='ocrx_word' id='word_1_22' title='bbox 62 686 129 752; x_wconf 89' lang='lat' dir='ltr'>filii</span> <span class='ocrx_word' id='word_1_23' title='bbox 152 685 255 772; x_wconf 67' lang='lat' dir='ltr'>rogo?</span> <span class='ocrx_word' id='word_1_24' title='bbox 281 689 322 755; x_wconf 92' lang='lat' dir='ltr'>de</span> <span class='ocrx_word' id='word_1_25' title='bbox 343 690 508 756; x_wconf 81' lang='lat' dir='ltr'><strong>Plancina</strong></span> <span class='ocrx_word' id='word_1_26' title='bbox 531 688 615 754; x_wconf 88' lang='lat' dir='ltr'>nibil</span> <span class='ocrx_word' id='word_1_27' title='bbox 638 687 783 754; x_wconf 84' lang='lat' dir='ltr'>addidit.</span> 
     </span>
    </p>

    <p class='ocr_par' dir='ltr' id='par_1_4' title="bbox 61 791 1098 3671">
     <span class='ocr_line' id='line_1_5' title="bbox 174 791 1044 878; baseline 0.001 -25"><span class='ocrx_word' id='word_1_28' title='bbox 174 791 225 856; x_wconf 86' lang='grc'>17.</span> <span class='ocrx_word' id='word_1_29' title='bbox 248 793 328 857; x_wconf 87' lang='grc' dir='ltr'><strong>Ρο11</strong></span> <span class='ocrx_word' id='word_1_30' title='bbox 353 814 438 878; x_wconf 89' lang='lat' dir='ltr'>quae</span> <span class='ocrx_word' id='word_1_31' title='bbox 454 791 609 857; x_wconf 84' lang='lat' dir='ltr'>Tiberius</span> <span class='ocrx_word' id='word_1_32' title='bbox 634 791 888 857; x_wconf 79' lang='lat' dir='ltr'>adulescentem</span> <span class='ocrx_word' id='word_1_33' title='bbox 903 791 1044 856; x_wconf 91' lang='lat' dir='ltr'>crimine</span> 
     </span>
     <span class='ocr_line' id='line_1_6' title="bbox 65 893 1046 981; baseline 0 -24"><span class='ocrx_word' id='word_1_34' title='bbox 65 893 183 958; x_wconf 86' lang='lat' dir='ltr'>civilis</span> <span class='ocrx_word' id='word_1_35' title='bbox 205 894 287 960; x_wconf 90' lang='lat' dir='ltr'>belli</span> <span class='ocrx_word' id='word_1_36' title='bbox 308 898 484 981; x_wconf 90' lang='lat' dir='ltr'>purgavit,</span> <span class='ocrx_word' id='word_1_37' title='bbox 508 896 616 980; x_wconf 91' lang='lat' dir='ltr'>patris</span> <span class='ocrx_word' id='word_1_38' title='bbox 639 897 760 981; x_wconf 90' lang='lat' dir='ltr'>quippe</span> <span class='ocrx_word' id='word_1_39' title='bbox 788 895 882 960; x_wconf 89' lang='lat' dir='ltr'>iussa</span> <span class='ocrx_word' id='word_1_40' title='bbox 905 915 967 958; x_wconf 91' lang='lat' dir='ltr'>nec</span> <span class='ocrx_word' id='word_1_41' title='bbox 988 915 1046 979; x_wconf 93' lang='lat' dir='ltr'>pc·</span> 
     </span>
     <span class='ocr_line' id='line_1_7' title="bbox 64 997 1046 1082; baseline 0 -21"><span class='ocrx_word' id='word_1_42' title='bbox 64 999 178 1062; x_wconf 91' lang='lat' dir='ltr'>tuisse</span> <span class='ocrx_word' id='word_1_43' title='bbox 198 997 304 1064; x_wconf 90' lang='lat' dir='ltr'>filium</span> <span class='ocrx_word' id='word_1_44' title='bbox 328 998 533 1082; x_wconf 83' lang='lat' dir='ltr'>detrectare,</span> <span class='ocrx_word' id='word_1_45' title='bbox 559 998 657 1063; x_wconf 90' lang='lat' dir='ltr'>simul</span> <span class='ocrx_word' id='word_1_46' title='bbox 680 997 895 1063; x_wconf 81' lang='lat' dir='ltr'>nobilitatem</span> <span class='ocrx_word' id='word_1_47' title='bbox 919 997 1046 1080; x_wconf 88' lang='lat' dir='ltr'>domus,</span> 
     </span>
     <span class='ocr_line' id='line_1_8' title="bbox 65 1102 1046 1188; baseline 0.001 -24"><span class='ocrx_word' id='word_1_48' title='bbox 65 1102 174 1165; x_wconf 89' lang='lat' dir='ltr'>etiam</span> <span class='ocrx_word' id='word_1_49' title='bbox 202 1103 308 1186; x_wconf 87' lang='lat' dir='ltr'>ipsius</span> <span class='ocrx_word' id='word_1_50' title='bbox 337 1102 590 1188; x_wconf 89' lang='lat' dir='ltr'>quoquomodo</span> <span class='ocrx_word' id='word_1_51' title='bbox 619 1104 732 1168; x_wconf 90' lang='lat' dir='ltr'>meriti</span> <span class='ocrx_word' id='word_1_52' title='bbox 763 1122 901 1186; x_wconf 89' lang='lat' dir='ltr'>gravem</span> <span class='ocrx_word' id='word_1_53' title='bbox 929 1122 1046 1166; x_wconf 89' lang='lat' dir='ltr'>casum</span> 
     </span>
     <span class='ocr_line' id='line_1_9' title="bbox 62 1204 1084 1291; baseline -0.001 -22"><span class='ocrx_word' id='word_1_54' title='bbox 62 1206 259 1270; x_wconf 82' lang='lat' dir='ltr'>miseratus.</span> <span class='ocrx_word' id='word_1_55' title='bbox 301 1226 362 1291; x_wconf 92' lang='lat' dir='ltr'>pro</span> <span class='ocrx_word' id='word_1_56' title='bbox 390 1205 555 1271; x_wconf 85' lang='lat' dir='ltr'>Plancina</span> <span class='ocrx_word' id='word_1_57' title='bbox 591 1227 667 1271; x_wconf 93' lang='lat' dir='ltr'>cum</span> <span class='ocrx_word' id='word_1_58' title='bbox 695 1205 824 1291; x_wconf 88' lang='lat' dir='ltr'>pudore</span> <span class='ocrx_word' id='word_1_59' title='bbox 853 1214 886 1269; x_wconf 97' lang='grc'>11</span> <span class='ocrx_word' id='word_1_60' title='bbox 913 1204 1044 1288; x_wconf 89' lang='lat' dir='ltr'>flagitio</span> <span class='ocrx_word' id='word_1_61' title='bbox 1072 1221 1084 1261; x_wconf 89' lang='lat'>⁵</span> 
     </span>
     <span class='ocr_line' id='line_1_10' title="bbox 64 1306 1045 1396; baseline -0.002 -23"><span class='ocrx_word' id='word_1_62' title='bbox 64 1306 240 1390; x_wconf 81' lang='lat' dir='ltr'>disseruit,</span> <span class='ocrx_word' id='word_1_63' title='bbox 264 1311 383 1374; x_wconf 89' lang='lat' dir='ltr'>matris</span> <span class='ocrx_word' id='word_1_64' title='bbox 405 1331 522 1396; x_wconf 88' lang='lat' dir='ltr'>preces</span> <span class='ocrx_word' id='word_1_65' title='bbox 546 1308 750 1392; x_wconf 90' lang='lat' dir='ltr'>obtendens,</span> <span class='ocrx_word' id='word_1_66' title='bbox 773 1312 807 1374; x_wconf 90' lang='lat' dir='ltr'>in</span> <span class='ocrx_word' id='word_1_67' title='bbox 838 1328 938 1394; x_wconf 86' lang='lat' dir='ltr'>quarn</span> <span class='ocrx_word' id='word_1_68' title='bbox 961 1309 1045 1392; x_wconf 93' lang='lat' dir='ltr'>opti-</span> 
     </span>
     <span class='ocr_line' id='line_1_11' title="bbox 61 1409 1046 1499; baseline -0.002 -23"><span class='ocrx_word' id='word_1_69' title='bbox 61 1414 113 1476; x_wconf 91' lang='lat' dir='ltr'>mi</span> <span class='ocrx_word' id='word_1_70' title='bbox 127 1416 292 1499; x_wconf 88' lang='lat' dir='ltr'>cuiusque</span> <span class='ocrx_word' id='word_1_71' title='bbox 315 1415 437 1478; x_wconf 87' lang='lat' dir='ltr'>secreti</span> <span class='ocrx_word' id='word_1_72' title='bbox 454 1423 592 1499; x_wconf 90' lang='lat' dir='ltr'>questus</span> <span class='ocrx_word' id='word_1_73' title='bbox 615 1413 725 1496; x_wconf 90' lang='lat' dir='ltr'>magis</span> <span class='ocrx_word' id='word_1_74' title='bbox 750 1409 986 1479; x_wconf 88' lang='lat' dir='ltr'>ardescebant.</span> <span class='ocrx_word' id='word_1_75' title='bbox 1010 1411 1046 1475; x_wconf 91' lang='lat' dir='ltr'>id</span> 
     </span>
     <span class='ocr_line' id='line_1_12' title="bbox 64 1514 1045 1602; baseline -0.002 -22"><span class='ocrx_word' id='word_1_76' title='bbox 64 1535 148 1599; x_wconf 88' lang='lat' dir='ltr'>ergo</span> <span class='ocrx_word' id='word_1_77' title='bbox 179 1515 231 1580; x_wconf 87' lang='lat' dir='ltr'>fas</span> <span class='ocrx_word' id='word_1_78' title='bbox 262 1517 377 1600; x_wconf 90' lang='lat' dir='ltr'>aviae,</span> <span class='ocrx_word' id='word_1_79' title='bbox 406 1516 668 1582; x_wconf 87' lang='lat' dir='ltr'>interfectricem</span> <span class='ocrx_word' id='word_1_80' title='bbox 697 1517 829 1602; x_wconf 86' lang='lat' dir='ltr'>nepotis</span> <span class='ocrx_word' id='word_1_81' title='bbox 859 1514 1045 1600; x_wconf 85' lang='lat' dir='ltr'>adspicere,</span> 
     </span>
     <span class='ocr_line' id='line_1_13' title="bbox 63 1617 1045 1706; baseline -0.002 -23"><span class='ocrx_word' id='word_1_82' title='bbox 63 1618 206 1705; x_wconf 89' lang='lat' dir='ltr'>adloqui</span> <span class='ocrx_word' id='word_1_83' title='bbox 214 1669 223 1702; x_wconf 93' lang='lat'>,</span> <span class='ocrx_word' id='word_1_84' title='bbox 246 1620 374 1706; x_wconf 90' lang='lat' dir='ltr'>eripere</span> <span class='ocrx_word' id='word_1_85' title='bbox 397 1621 540 1684; x_wconf 87' lang='lat' dir='ltr'>senatui.</span> <span class='ocrx_word' id='word_1_86' title='bbox 586 1618 675 1704; x_wconf 92' lang='lat' dir='ltr'>quod</span> <span class='ocrx_word' id='word_1_87' title='bbox 701 1640 760 1705; x_wconf 91' lang='lat' dir='ltr'>pro</span> <span class='ocrx_word' id='word_1_88' title='bbox 785 1617 939 1683; x_wconf 91' lang='lat' dir='ltr'>omnibus</span> <span class='ocrx_word' id='word_1_89' title='bbox 963 1619 1045 1684; x_wconf 88' lang='lat' dir='ltr'>civi·</span> 
     </span>
     <span class='ocr_line' id='line_1_14' title="bbox 61 1720 1098 1807; baseline 0 -21"><span class='ocrx_word' id='word_1_90' title='bbox 61 1722 127 1786; x_wconf 88' lang='lat' dir='ltr'>bus</span> <span class='ocrx_word' id='word_1_91' title='bbox 144 1723 239 1807; x_wconf 91' lang='lat' dir='ltr'>leges</span> <span class='ocrx_word' id='word_1_92' title='bbox 257 1722 442 1804; x_wconf 86' lang='lat' dir='ltr'>obtineant,</span> <span class='ocrx_word' id='word_1_93' title='bbox 466 1724 524 1787; x_wconf 91' lang='lat' dir='ltr'>uui</span> <span class='ocrx_word' id='word_1_94' title='bbox 541 1720 743 1787; x_wconf 80' lang='lat' dir='ltr'>Germanico</span> <span class='ocrx_word' id='word_1_95' title='bbox 766 1745 834 1787; x_wconf 91' lang='lat' dir='ltr'>non</span> <span class='ocrx_word' id='word_1_96' title='bbox 850 1721 1044 1805; x_wconf 82' lang='lat' dir='ltr'>contigisse.</span> <span class='ocrx_word' id='word_1_97' title='bbox 1073 1740 1098 1778; x_wconf 84' lang='lat'>10</span> 
     </span>
     <span class='ocr_line' id='line_1_15' title="bbox 63 1823 1044 1906; baseline 0.001 -17"><span class='ocrx_word' id='word_1_98' title='bbox 63 1823 200 1890; x_wconf 90' lang='lat' dir='ltr'>Vitellii</span> <span class='ocrx_word' id='word_1_99' title='bbox 236 1836 268 1891; x_wconf 85' lang='lat' dir='ltr'>et</span> <span class='ocrx_word' id='word_1_100' title='bbox 296 1826 437 1892; x_wconf 90' lang='lat' dir='ltr'>Veranii</span> <span class='ocrx_word' id='word_1_101' title='bbox 466 1848 550 1891; x_wconf 88' lang='lat' dir='ltr'>voce</span> <span class='ocrx_word' id='word_1_102' title='bbox 585 1827 741 1892; x_wconf 90' lang='lat' dir='ltr'>defletum</span> <span class='ocrx_word' id='word_1_103' title='bbox 768 1824 966 1906; x_wconf 77' lang='lat' dir='ltr'>Gaesarem,</span> <span class='ocrx_word' id='word_1_104' title='bbox 1001 1824 1044 1890; x_wconf 92' lang='lat' dir='ltr'>ab</span> 
     </span>
     <span class='ocr_line' id='line_1_16' title="bbox 62 1929 1044 2014; baseline 0 -22"><span class='ocrx_word' id='word_1_105' title='bbox 62 1930 269 2014; x_wconf 88' lang='lat' dir='ltr'>imperatore</span> <span class='ocrx_word' id='word_1_106' title='bbox 297 1939 328 1994; x_wconf 94' lang='lat' dir='ltr'>et</span> <span class='ocrx_word' id='word_1_107' title='bbox 355 1930 512 2014; x_wconf 89' lang='lat' dir='ltr'>Augusta</span> <span class='ocrx_word' id='word_1_108' title='bbox 537 1930 708 1995; x_wconf 87' lang='lat' dir='ltr'>defensam</span> <span class='ocrx_word' id='word_1_109' title='bbox 730 1929 940 1994; x_wconf 88' lang='lat' dir='ltr'>Plancinam.</span> <span class='ocrx_word' id='word_1_110' title='bbox 969 1949 1044 2014; x_wconf 89' lang='lat' dir='ltr'>pro-</span> 
     </span>
     <span class='ocr_line' id='line_1_17' title="bbox 64 2032 1044 2119; baseline 0 -23"><span class='ocrx_word' id='word_1_111' title='bbox 64 2032 147 2096; x_wconf 89' lang='lat' dir='ltr'>inde</span> <span class='ocrx_word' id='word_1_112' title='bbox 175 2055 306 2098; x_wconf 89' lang='lat' dir='ltr'>venena</span> <span class='ocrx_word' id='word_1_113' title='bbox 335 2044 368 2099; x_wconf 85' lang='grc'>11</span> <span class='ocrx_word' id='word_1_114' title='bbox 397 2042 489 2099; x_wconf 89' lang='lat' dir='ltr'>artes</span> <span class='ocrx_word' id='word_1_115' title='bbox 519 2043 590 2098; x_wconf 89' lang='lat' dir='ltr'>tarn</span> <span class='ocrx_word' id='word_1_116' title='bbox 617 2034 761 2099; x_wconf 86' lang='lat' dir='ltr'>feliciter</span> <span class='ocrx_word' id='word_1_117' title='bbox 791 2041 948 2119; x_wconf 87' lang='lat' dir='ltr'>expertas</span> <span class='ocrx_word' id='word_1_118' title='bbox 972 2054 1044 2096; x_wconf 87' lang='lat' dir='ltr'>ver·</span> 
     </span>
     <span class='ocr_line' id='line_1_18' title="bbox 62 2135 1044 2223; baseline 0 -23"><span class='ocrx_word' id='word_1_119' title='bbox 62 2145 153 2201; x_wconf 85' lang='lat' dir='ltr'>teret</span> <span class='ocrx_word' id='word_1_120' title='bbox 177 2138 213 2201; x_wconf 90' lang='lat' dir='ltr'>iu</span> <span class='ocrx_word' id='word_1_121' title='bbox 236 2135 467 2223; x_wconf 85' lang='lat' dir='ltr'>Agrippinam,</span> <span class='ocrx_word' id='word_1_122' title='bbox 492 2139 526 2202; x_wconf 92' lang='lat' dir='ltr'>in</span> <span class='ocrx_word' id='word_1_123' title='bbox 550 2136 674 2202; x_wconf 89' lang='lat' dir='ltr'>liberos</span> <span class='ocrx_word' id='word_1_124' title='bbox 699 2139 781 2220; x_wconf 88' lang='lat' dir='ltr'>eius,</span> <span class='ocrx_word' id='word_1_125' title='bbox 806 2137 1044 2221; x_wconf 84' lang='lat' dir='ltr'>egregiamque</span> 
     </span>
     <span class='ocr_line' id='line_1_19' title="bbox 64 2239 1098 2326; baseline 0.001 -23"><span class='ocrx_word' id='word_1_126' title='bbox 64 2240 181 2304; x_wconf 88' lang='lat' dir='ltr'>aviam</span> <span class='ocrx_word' id='word_1_127' title='bbox 214 2261 255 2304; x_wconf 90' lang='lat' dir='ltr'>ac</span> <span class='ocrx_word' id='word_1_128' title='bbox 289 2249 446 2326; x_wconf 89' lang='lat' dir='ltr'>patruum</span> <span class='ocrx_word' id='word_1_129' title='bbox 481 2242 645 2324; x_wconf 90' lang='lat' dir='ltr'>sanguine</span> <span class='ocrx_word' id='word_1_130' title='bbox 678 2240 886 2305; x_wconf 89' lang='lat' dir='ltr'>miserrimae</span> <span class='ocrx_word' id='word_1_131' title='bbox 926 2239 1043 2304; x_wconf 89' lang='lat' dir='ltr'>domus</span> <span class='ocrx_word' id='word_1_132' title='bbox 1072 2257 1098 2298; x_wconf 77' lang='lat'>1⁶</span> 
     </span>
     <span class='ocr_line' id='line_1_20' title="bbox 65 2343 1043 2430; baseline 0.001 -23"><span class='ocrx_word' id='word_1_133' title='bbox 65 2345 266 2409; x_wconf 87' lang='lat' dir='ltr'>exsatiaret.</span> <span class='ocrx_word' id='word_1_134' title='bbox 295 2343 435 2409; x_wconf 90' lang='lat' dir='ltr'>biduum</span> <span class='ocrx_word' id='word_1_135' title='bbox 459 2345 645 2430; x_wconf 87' lang='lat' dir='ltr'>superbae</span> <span class='ocrx_word' id='word_1_136' title='bbox 669 2347 817 2429; x_wconf 90' lang='lat' dir='ltr'>imagine</span> <span class='ocrx_word' id='word_1_137' title='bbox 840 2344 1043 2427; x_wconf 89' lang='lat' dir='ltr'>cognitionis</span> 
     </span>
     <span class='ocr_line' id='line_1_21' title="bbox 64 2446 1044 2532; baseline 0.001 -22"><span class='ocrx_word' id='word_1_138' title='bbox 64 2447 290 2532; x_wconf 85' lang='lat' dir='ltr'>absumptum,</span> <span class='ocrx_word' id='word_1_139' title='bbox 305 2456 448 2531; x_wconf 88' lang='lat' dir='ltr'>urgente</span> <span class='ocrx_word' id='word_1_140' title='bbox 462 2446 597 2514; x_wconf 89' lang='lat' dir='ltr'>Tiberio</span> <span class='ocrx_word' id='word_1_141' title='bbox 611 2446 735 2512; x_wconf 92' lang='lat' dir='ltr'>liberos</span> <span class='ocrx_word' id='word_1_142' title='bbox 751 2447 883 2512; x_wconf 89' lang='lat' dir='ltr'>Pisonis</span> <span class='ocrx_word' id='word_1_143' title='bbox 901 2455 1044 2511; x_wconf 88' lang='lat' dir='ltr'>matrem</span> 
     </span>
     <span class='ocr_line' id='line_1_22' title="bbox 64 2551 1043 2615; baseline 0.002 -2"><span class='ocrx_word' id='word_1_144' title='bbox 64 2551 115 2614; x_wconf 90' lang='lat' dir='ltr'>uti</span> <span class='ocrx_word' id='word_1_145' title='bbox 139 2559 325 2615; x_wconf 87' lang='lat' dir='ltr'>tuerentur.</span> <span class='ocrx_word' id='word_1_146' title='bbox 370 2559 404 2615; x_wconf 94' lang='lat' dir='ltr'>et</span> <span class='ocrx_word' id='word_1_147' title='bbox 434 2573 510 2615; x_wconf 90' lang='lat' dir='ltr'>curn</span> <span class='ocrx_word' id='word_1_148' title='bbox 533 2559 751 2615; x_wconf 87' lang='lat' dir='ltr'>accusatores</span> <span class='ocrx_word' id='word_1_149' title='bbox 776 2570 815 2614; x_wconf 91' lang='lat' dir='ltr'>ac</span> <span class='ocrx_word' id='word_1_150' title='bbox 839 2558 944 2615; x_wconf 86' lang='lat' dir='ltr'>testes</span> <span class='ocrx_word' id='word_1_151' title='bbox 973 2573 1043 2615; x_wconf 89' lang='lat' dir='ltr'>cer-</span> 
     </span>
     <span class='ocr_line' id='line_1_23' title="bbox 63 2654 1044 2742; baseline 0.001 -24"><span class='ocrx_word' id='word_1_152' title='bbox 63 2655 166 2719; x_wconf 89' lang='lat' dir='ltr'>tatim</span> <span class='ocrx_word' id='word_1_153' title='bbox 181 2663 379 2739; x_wconf 85' lang='lat' dir='ltr'>perorarent</span> <span class='ocrx_word' id='word_1_154' title='bbox 394 2655 619 2742; x_wconf 88' lang='lat' dir='ltr'>respondente</span> <span class='ocrx_word' id='word_1_155' title='bbox 634 2654 738 2736; x_wconf 92' lang='lat' dir='ltr'>nullo,</span> <span class='ocrx_word' id='word_1_156' title='bbox 754 2655 927 2719; x_wconf 91' lang='lat' dir='ltr'>miseratio</span> <span class='ocrx_word' id='word_1_157' title='bbox 944 2676 1044 2740; x_wconf 90' lang='lat' dir='ltr'>quam</span> 
     </span>
     <span class='ocr_line' id='line_1_24' title="bbox 65 2756 1095 2848; baseline 0.002 -28"><span class='ocrx_word' id='word_1_158' title='bbox 65 2757 195 2822; x_wconf 90' lang='lat' dir='ltr'>invidia</span> <span class='ocrx_word' id='word_1_159' title='bbox 220 2757 418 2842; x_wconf 90' lang='lat' dir='ltr'>augebatur.</span> <span class='ocrx_word' id='word_1_160' title='bbox 442 2759 567 2845; x_wconf 86' lang='lat' dir='ltr'>primus</span> <span class='ocrx_word' id='word_1_161' title='bbox 592 2760 795 2824; x_wconf 88' lang='lat' dir='ltr'>sententiam</span> <span class='ocrx_word' id='word_1_162' title='bbox 817 2768 958 2842; x_wconf 88' lang='lat' dir='ltr'>rogatus</span> <span class='ocrx_word' id='word_1_163' title='bbox 976 2756 1043 2822; x_wconf 86' lang='lat' dir='ltr'>Au·</span> <span class='ocrx_word' id='word_1_164' title='bbox 1059 2773 1095 2848; x_wconf 69' lang='grc' dir='ltr'>Ι1ο</span> 
     </span>
     <span class='ocr_line' id='line_1_25' title="bbox 64 2857 1043 2945; baseline 0.001 -21"><span class='ocrx_word' id='word_1_165' title='bbox 64 2860 169 2925; x_wconf 87' lang='lat' dir='ltr'>relius</span> <span class='ocrx_word' id='word_1_166' title='bbox 193 2857 294 2926; x_wconf 80' lang='lat' dir='ltr'>Cotta</span> <span class='ocrx_word' id='word_1_167' title='bbox 318 2861 434 2928; x_wconf 80' lang='lat' dir='ltr'>conssul</span> <span class='ocrx_word' id='word_1_168' title='bbox 458 2867 549 2938; x_wconf 91' lang='lat' dir='ltr'>(nam</span> <span class='ocrx_word' id='word_1_169' title='bbox 576 2863 743 2928; x_wconf 90' lang='lat' dir='ltr'>referente</span> <span class='ocrx_word' id='word_1_170' title='bbox 765 2859 914 2927; x_wconf 75' lang='lat' dir='ltr'>Caesare</span> <span class='ocrx_word' id='word_1_171' title='bbox 937 2863 1043 2945; x_wconf 89' lang='lat' dir='ltr'>magi·</span> 
     </span>
     <span class='ocr_line' id='line_1_26' title="bbox 65 2965 1043 3050; baseline 0 -22"><span class='ocrx_word' id='word_1_172' title='bbox 65 2974 195 3029; x_wconf 89' lang='lat' dir='ltr'>stratus</span> <span class='ocrx_word' id='word_1_173' title='bbox 219 2987 257 3029; x_wconf 89' lang='lat' dir='ltr'>ec</span> <span class='ocrx_word' id='word_1_174' title='bbox 282 2968 385 3031; x_wconf 90' lang='lat' dir='ltr'>etiam</span> <span class='ocrx_word' id='word_1_175' title='bbox 407 2988 544 3032; x_wconf 90' lang='lat' dir='ltr'>munere</span> <span class='ocrx_word' id='word_1_176' title='bbox 573 2965 816 3050; x_wconf 82' lang='lat' dir='ltr'>fungebantur)</span> <span class='ocrx_word' id='word_1_177' title='bbox 845 2986 968 3030; x_wconf 89' lang='lat' dir='ltr'>nomen</span> <span class='ocrx_word' id='word_1_178' title='bbox 990 2965 1043 3029; x_wconf 93' lang='lat' dir='ltr'>Pi-</span> 
     </span>
     <span class='ocr_line' id='line_1_27' title="bbox 65 3067 1043 3156; baseline 0.001 -25"><span class='ocrx_word' id='word_1_179' title='bbox 65 3069 157 3132; x_wconf 89' lang='lat' dir='ltr'>sonis</span> <span class='ocrx_word' id='word_1_180' title='bbox 182 3067 388 3134; x_wconf 90' lang='lat' dir='ltr'>eradendum</span> <span class='ocrx_word' id='word_1_181' title='bbox 416 3069 515 3135; x_wconf 87' lang='lat' dir='ltr'>fastis</span> <span class='ocrx_word' id='word_1_182' title='bbox 539 3071 687 3154; x_wconf 91' lang='lat' dir='ltr'>censuit,</span> <span class='ocrx_word' id='word_1_183' title='bbox 715 3079 847 3156; x_wconf 90' lang='lat' dir='ltr'>partem</span> <span class='ocrx_word' id='word_1_184' title='bbox 879 3068 1043 3134; x_wconf 90' lang='lat' dir='ltr'>bonorum</span> 
     </span>
     <span class='ocr_line' id='line_1_28' title="bbox 63 3171 1043 3260; baseline 0 -24"><span class='ocrx_word' id='word_1_185' title='bbox 63 3171 315 3257; x_wconf 89' lang='lat' dir='ltr'>publicandam,</span> <span class='ocrx_word' id='word_1_186' title='bbox 338 3195 416 3260; x_wconf 89' lang='lat' dir='ltr'>pars</span> <span class='ocrx_word' id='word_1_187' title='bbox 440 3182 476 3237; x_wconf 93' lang='lat' dir='ltr'>ut</span> <span class='ocrx_word' id='word_1_188' title='bbox 493 3171 553 3238; x_wconf 81' lang='lat' dir='ltr'>On.</span> <span class='ocrx_word' id='word_1_189' title='bbox 576 3174 692 3238; x_wconf 89' lang='lat' dir='ltr'>Pisoni</span> <span class='ocrx_word' id='word_1_190' title='bbox 714 3172 783 3237; x_wconf 92' lang='lat' dir='ltr'>filio</span> <span class='ocrx_word' id='word_1_191' title='bbox 800 3172 1043 3237; x_wconf 87' lang='lat' dir='ltr'>concederetur</span> 
     </span>
     <span class='ocr_line' id='line_1_29' title="bbox 64 3275 1094 3361; baseline -0.002 -22"><span class='ocrx_word' id='word_1_192' title='bbox 64 3277 159 3361; x_wconf 88' lang='lat' dir='ltr'>isque</span> <span class='ocrx_word' id='word_1_193' title='bbox 181 3297 386 3361; x_wconf 90' lang='lat' dir='ltr'>praenomen</span> <span class='ocrx_word' id='word_1_194' title='bbox 400 3285 564 3361; x_wconf 81' lang='lat' dir='ltr'>mutaret3</span> <span class='ocrx_word' id='word_1_195' title='bbox 586 3276 631 3340; x_wconf 89' lang='lat' dir='ltr'>M.</span> <span class='ocrx_word' id='word_1_196' title='bbox 648 3276 725 3340; x_wconf 94' lang='lat' dir='ltr'>Piso</span> <span class='ocrx_word' id='word_1_197' title='bbox 748 3285 851 3339; x_wconf 88' lang='lat' dir='ltr'>exuta</span> <span class='ocrx_word' id='word_1_198' title='bbox 876 3275 1042 3359; x_wconf 89' lang='lat' dir='ltr'>dignitate</span> <span class='ocrx_word' id='word_1_199' title='bbox 1069 3290 1094 3329; x_wconf 76' lang='lat'>2⁵</span> 
     </span>
     <span class='ocr_line' id='line_1_30' title="bbox 66 3378 1041 3466; baseline -0.003 -22"><span class='ocrx_word' id='word_1_200' title='bbox 66 3389 98 3444; x_wconf 89' lang='lat' dir='ltr'>et</span> <span class='ocrx_word' id='word_1_201' title='bbox 122 3388 263 3465; x_wconf 88' lang='lat' dir='ltr'>accepto</span> <span class='ocrx_word' id='word_1_202' title='bbox 286 3380 533 3466; x_wconf 88' lang='lat' dir='ltr'>quinquagiens</span> <span class='ocrx_word' id='word_1_203' title='bbox 558 3381 713 3446; x_wconf 85' lang='lat' dir='ltr'>sestertio</span> <span class='ocrx_word' id='word_1_204' title='bbox 738 3381 772 3443; x_wconf 92' lang='lat' dir='ltr'>in</span> <span class='ocrx_word' id='word_1_205' title='bbox 797 3378 912 3443; x_wconf 89' lang='lat' dir='ltr'>decem</span> <span class='ocrx_word' id='word_1_206' title='bbox 936 3399 1041 3442; x_wconf 90' lang='lat' dir='ltr'>annos</span> 
     </span>
     <span class='ocr_line' id='line_1_31' title="bbox 64 3480 1040 3566; baseline 0 -19"><span class='ocrx_word' id='word_1_207' title='bbox 64 3482 287 3566; x_wconf 89' lang='lat' dir='ltr'>relegaretur,</span> <span class='ocrx_word' id='word_1_208' title='bbox 322 3505 484 3549; x_wconf 89' lang='lat' dir='ltr'>concessa</span> <span class='ocrx_word' id='word_1_209' title='bbox 514 3483 698 3549; x_wconf 90' lang='lat' dir='ltr'>Plancinae</span> <span class='ocrx_word' id='word_1_210' title='bbox 733 3480 967 3547; x_wconf 90' lang='lat' dir='ltr'>incolumitate</span> <span class='ocrx_word' id='word_1_211' title='bbox 999 3480 1040 3547; x_wconf 94' lang='lat' dir='ltr'>ob</span> 
     </span>
     <span class='ocr_line' id='line_1_32' title="bbox 65 3584 393 3671; baseline 0.006 -21"><span class='ocrx_word' id='word_1_212' title='bbox 65 3605 182 3671; x_wconf 90' lang='lat' dir='ltr'>preces</span> <span class='ocrx_word' id='word_1_213' title='bbox 206 3584 393 3670; x_wconf 87' lang='lat' dir='ltr'>Augustae.</span> 
     </span>
    </p>
   </div>
   <div class='ocr_carea' id='block_1_4' title="bbox 0 0 1270 4084">
    <p class='ocr_par' dir='ltr' id='par_1_5' title="bbox 0 0 1270 4084">
     <span class='ocr_line' id='line_1_33' title="bbox 0 0 1270 4084; baseline 0 0"><span class='ocrx_word' id='word_1_214' title='bbox 0 0 1270 4084; x_wconf 95' lang='lat' dir='ltr'> </span> 
     </span>
    </p>
   </div>
  </div>
 </body>
</html>
