2552 4084
272 296 318 348 sn
336 296 501 352 aroassu
519 298 677 350 susosrr
695 299 730 353 11.
749 283 859 349 s's-sa
1013 297 1055 364 93

60 488 284 557 clementior.
329 489 390 556 sed
425 492 525 557 amici
559 490 785 558 accendendis
819 488 1055 556 offensionibus

60 594 194 661 callidi
217 592 391 660 intendere
414 617 504 678 vera,
527 595 690 680 adgerere
713 593 800 660 falsa
823 594 995 682 ipsumque
1022 604 1056 660 et

60 696 276 763 Plancinam
288 706 322 763 et
335 695 423 762 filios
439 698 543 764 variis
566 697 673 763 modis
691 699 872 764 criminari.
888 707 1055 785 postremo
1083 721 1109 762 ro

62 802 193 886 paucis
218 799 433 867 familiarium
455 800 629 877 adhibitis
642 823 749 868 sermo
773 812 912 889 coeptus
934 826 955 868 a
972 799 1055 868 Cae-

68 927 164 988 sare,
189 903 323 990 qualem
344 904 395 969 ira
419 914 453 970 et
470 903 693 971 dissimulatio
716 906 837 990 gignit,
860 928 1057 993 responsum

69 1031 90 1072 a
116 1007 245 1074 Pisone
273 1007 429 1095 precibus
458 1008 729 1094 contumacibus;
764 1009 1055 1097 discesseruntque

69 1113 207 1198 apertis
231 1110 327 1177 odiis.
350 1120 428 1199 post
442 1132 528 1198 quae
550 1135 646 1179 rarus
662 1114 698 1178 in
720 1111 882 1180 tribunali
897 1112 1055 1180 Caesaris

67 1217 171 1298 Piso,
196 1225 230 1281 et
258 1216 287 1280 si
310 1215 443 1302 quando
467 1215 651 1301 adsideret,
674 1225 774 1283 atrox
802 1240 844 1284 ac
877 1217 1056 1284 dissentire
1083 1240 1108 1280 15

70 1319 287 1386 manifestus.
311 1341 381 1385 vox
403 1339 533 1406 quoque
561 1321 633 1387 eius
658 1320 776 1387 audita
804 1330 857 1387 est
885 1323 920 1386 in
943 1321 1056 1386 convi-

71 1425 141 1507 vio,
167 1446 244 1489 cum
259 1422 349 1508 apud
372 1443 485 1507 regem
499 1423 751 1490 Nabataeorum
766 1446 910 1492 coronae
934 1447 1056 1491 aureae

72 1547 201 1610 magno
217 1525 365 1611 pondere
381 1523 522 1592 Caesari
544 1537 578 1593 et
593 1527 812 1615 Agrippinae,
835 1529 926 1595 leves
941 1529 1057 1594 Pisoni

76 1641 110 1695 et
127 1629 252 1694 ceteris
277 1627 481 1710 offerrentur,
504 1631 665 1716 principis
681 1632 833 1718 Romani,
855 1655 920 1698 non
937 1632 1055 1698 Parthi

75 1735 168 1818 regis
191 1731 260 1798 filio
284 1754 342 1798 aas
366 1731 481 1819 epulas
506 1732 596 1816 dari3
620 1733 811 1822 abiecitque
835 1736 933 1802 simul
960 1757 1054 1803 coro·
1081 1758 1107 1800 so

75 1860 155 1904 nam
179 1845 213 1902 et
235 1833 340 1902 multa
369 1836 404 1901 in
427 1835 543 1902 luxum
565 1836 713 1920 addidit,
745 1862 829 1926 quae
854 1837 1056 1907 Germanico

77 1961 280 2026 quamquam
302 1938 426 2005 acerba
450 1939 683 2008 tolerabantur
706 1954 828 2011 tamen.

178 2043 231 2110 58.
254 2043 348 2109 Inter
376 2065 461 2130 quae
491 2045 534 2111 ab
557 2067 637 2130 rege
659 2047 858 2115 Parthorum
879 2046 1055 2115 Artabano

78 2149 185 2234 legati
208 2170 339 2214 venere.
362 2149 501 2216 miserat
524 2153 710 2218 amicitiam
732 2174 773 2218 ac
795 2151 914 2219 foedus
935 2173 1056 2218 memo·

79 2265 229 2338 ratnros‚
253 2263 287 2319 et
315 2275 436 2340 cupere
458 2258 615 2322 renovari
646 2256 801 2341 dextras,
837 2256 1056 2341 daturumque

78 2357 196 2423 honori
220 2354 428 2441 Germanici,
462 2369 500 2424 ut
526 2361 635 2446 ripam
655 2359 839 2447 Euphratis
862 2359 1055 2426 accederet:

78 2470 191 2548 petere
214 2459 357 2543 interim,
379 2483 422 2527 ne
436 2461 594 2529 Vonones
617 2465 652 2529 in
676 2461 774 2530 Suria
795 2463 975 2531 haberetur
989 2485 1056 2528 neu
1082 2487 1095 2528 s

80 2585 234 2651 proceres
257 2566 407 2648 gentium
428 2567 624 2652 propinquis
646 2569 773 2634 nuntiis
796 2567 842 2633 ad
866 2566 1055 2634 discordias

82 2668 238 2736 traheret.
262 2668 370 2735 adea
394 2666 616 2737 Germanicus
640 2670 682 2737 de
706 2672 868 2738 societate
890 2671 1055 2737 Romano-

82 2796 153 2838 rum
173 2772 437 2859 Parthorumque
459 2775 648 2859 magnifice,
673 2775 714 2841 de
737 2774 888 2841 adventu
909 2776 1000 2859 regis
1023 2784 1057 2840 et

84 2875 174 2942 cultu
197 2877 248 2940 sui
271 2897 347 2942 cum
371 2875 490 2942 decore
513 2899 555 2943 ac
577 2876 745 2946 modestia
767 2877 951 2966 respondit.
989 2878 1055 2944 Vo-

83 2999 186 3044 nones
218 2979 489 3066 Pompeiopolim,
523 2977 666 3047 Ciliciae
699 2983 902 3048 maritimam
929 2982 1055 3065 urbem,
1083 3008 1109 3048 ro

86 3090 211 3149 amotus
227 3091 288 3148 est.
314 3081 430 3148 datum
451 3081 488 3148 id
502 3105 569 3150 non
584 3083 683 3150 modo
705 3084 861 3172 precibus
877 3084 1055 3168 Artabani,

86 3186 144 3253 sed
170 3184 394 3252 contumeliae
416 3187 565 3272 Pisonis,
590 3189 644 3255 cui
673 3189 886 3274 gratissimus
917 3197 991 3254 erat
1013 3187 1055 3253 ob

86 3290 222 3376 plurima
246 3288 357 3354 officia
386 3300 420 3356 et
444 3289 548 3376 dona,
576 3291 696 3378 quibus
719 3291 918 3359 Plancinam
941 3289 1056 3357 devin-

87 3403 188 3458 xerat.

182 3494 233 3560 59.
256 3495 301 3561 M.
326 3495 441 3563 Silano
477 3498 518 3564 L.
552 3497 711 3565 Norbano
746 3497 938 3565 consulibus
974 3494 1056 3562 Ger·

90 3601 230 3666 manicas
252 3599 446 3689 Aegyptum
466 3603 691 3690 proficiscitur
718 3601 975 3688 cognoscendae
998 3623 1056 3669 an·
