2552 4084
208 292 251 356 44
542 294 715 342 CORNELII
735 293 856 343 Thurri

210 484 287 565 suit,
311 483 504 566 gratissimo
527 504 663 547 munere
687 484 721 547 in
745 483 922 549 defunctos
946 491 980 546 et
1002 481 1194 568 praesenti·

208 587 271 651 bus
296 584 420 651 doloris
445 587 565 650 socius.
605 585 694 670 quod
716 584 852 650 Tiberio
880 584 972 650 haud
999 582 1195 670 probatum,

211 713 269 754 seu
292 699 415 756 cuncta
439 687 635 755 Germanici
670 691 703 754 in
738 690 884 755 deterius
920 688 1081 769 trahenti,
1117 689 1194 752 sive

158 810 182 848 10
211 794 397 858 exercitum
420 795 568 877 imagine
591 815 766 858 caesorum
789 792 1095 880 insepultorumque
1121 801 1194 855 tar-

211 898 326 963 datum
349 896 393 961 ad
415 897 544 981 proelia
569 905 601 961 et
625 895 926 962 formidolosiorem
947 897 1094 961 hostium
1117 918 1194 960 cre·
1261 971 1262 982 ,

211 1000 330 1083 debat3
352 1021 461 1084 neque
485 1001 721 1084 imperatorem
744 1009 913 1084 auguratu
942 1009 975 1065 et
998 1001 1193 1065 vetustissi-

208 1108 270 1170 mis
294 1106 507 1170 caerimoniis
537 1104 728 1190 praeditum
758 1105 952 1170 adtrectare
982 1102 1102 1168 feralia
1134 1101 1191 1166 de·

208 1210 331 1275 buisse.
1262 1287 1263 1290 Ἴ

312 1312 363 1377 63.
399 1311 465 1377 Sed
490 1309 711 1378 Germanicus
745 1313 921 1378 cedentem
949 1314 983 1376 in
1017 1312 1096 1375 avia
1126 1309 1193 1374 Ar-

208 1419 346 1483 minium
384 1425 538 1498 secutus,
575 1416 633 1481 ubi
670 1418 812 1502 primum
848 1419 946 1502 copia
983 1416 1062 1497 fuit,
1093 1413 1194 1477 evehi

210 1522 338 1606 equites
362 1541 596 1605 campumque,
624 1540 720 1604 quem
748 1519 855 1585 hostis
878 1517 1066 1602 insederat,
1102 1518 1193 1602 eripi
1263 1579 1264 1582 ,

209 1625 312 1691 iubet.
336 1624 508 1690 Arminius
532 1623 648 1708 colligi
679 1645 756 1698 suos
786 1632 819 1688 et
842 1625 1069 1711 propinquare
1093 1620 1194 1684 silvis

170 1741 183 1780 ⁵
209 1731 352 1794 monitos
376 1730 478 1793 vertit
508 1738 662 1814 repente:
690 1750 769 1794 mox
791 1730 924 1812 signum
951 1725 1194 1813 prorumpendi

211 1832 304 1897 dedit
328 1833 380 1913 iis,
404 1853 485 1917 quos
508 1853 568 1917 per
592 1832 698 1898 saltus
723 1830 968 1898 occultaverat.
997 1841 1077 1895 tuno
1100 1850 1193 1894 nova

210 1938 284 2001 acie
295 1935 451 2000 turbatus
462 1956 573 2021 eques,
588 1937 777 2024 missaeque
793 1935 1018 2001 subsidiariae
1034 1932 1193 1999 cohortes

211 2049 244 2105 et
265 2039 467 2122 fugientium
490 2040 625 2122 agmine
647 2038 811 2124 impulsae
839 2048 1005 2104 auxerant
1036 2043 1193 2102 conster-

209 2143 398 2224 nationem3
421 2141 711 2228 trudebanturque
726 2143 761 2208 in
776 2141 934 2229 paludem
957 2161 1101 2225 gnaram
1115 2141 1190 2206 vin·
1265 2181 1266 2192 κ

160 2258 185 2298 1⁰
211 2243 384 2327 centibus,
419 2247 568 2330 iniquam
601 2247 742 2329 nesciis,
776 2247 812 2311 ni
841 2244 969 2311 Caesar
1001 2243 1187 2330 productas

210 2348 361 2432 legiones
385 2350 619 2414 instruxisset:
643 2348 722 2414 inde
744 2348 897 2416 hostibus
920 2359 1039 2430 terror,
1062 2347 1191 2412 fiducia

210 2451 327 2535 militi3
351 2461 385 2517 et
406 2450 561 2516 manibus
585 2455 701 2539 aequis
718 2452 923 2519 abscessum.
946 2474 1026 2518 mox
1048 2451 1191 2518 reducto

211 2555 256 2620 ad
271 2555 436 2620 Amisiam
460 2557 612 2620 exercitu
626 2555 778 2640 legiones
794 2556 913 2638 classe,
937 2565 973 2620 ut
990 2555 1191 2636 advexerat,

211 2666 378 2744 reportat3
408 2679 487 2743 pars
512 2660 661 2744 equitum
684 2657 784 2724 litore
808 2658 937 2726 Oceani
966 2667 1081 2744 petere
1105 2659 1190 2723 Rhe·

173 2774 185 2812 ⁵
212 2783 291 2826 num
319 2762 432 2844 iussa3
461 2759 622 2845 Caecina,
651 2763 708 2848 qui
739 2784 835 2827 suum
860 2762 1003 2828 militem
1033 2762 1191 2844 ducebat,

211 2866 368 2946 monitus,
393 2886 595 2951 quamquam
616 2866 707 2930 notis
735 2865 914 2932 itineribus
941 2864 1191 2949 regrederetur,

211 2978 330 3055 pontes
354 2968 474 3052 longos
498 2990 598 3055 quam
613 2971 808 3034 maturrime
832 2990 1000 3055 superare.
1024 2979 1191 3053 angustus

213 3074 241 3138 is
264 3081 390 3137 trames
412 3081 530 3137 vastas
565 3073 653 3138 inter
675 3072 818 3159 paludes
848 3084 882 3140 et
910 3072 1081 3174 quondam
1104 3096 1126 3138 a
1149 3072 1189 3137 L.

211 3175 361 3240 Domitio
386 3185 588 3259 aggeratos,
611 3186 726 3241 cetera
759 3177 890 3261 limosa,
922 3178 1060 3242 tenacia
1093 3178 1193 3260 gravi

161 3298 186 3336 20
212 3299 318 3344 caeno
343 3290 401 3344 aut
424 3281 507 3345 rivis
530 3280 661 3344 incerta
686 3289 801 3364 erant3
824 3283 952 3346 circum
976 3277 1084 3345 silvae
1109 3302 1192 3365 pau·

212 3382 310 3448 latim
333 3381 494 3464 adclives,
518 3405 602 3470 quas
625 3391 696 3448 turn
719 3383 891 3450 Arminius
915 3382 1074 3469 inplevit,
1104 3405 1192 3448 oom-

211 3488 345 3575 pendiis
368 3489 502 3552 viarum
532 3495 565 3553 ct
600 3489 668 3553 cito
693 3489 828 3571 agmine
859 3497 1016 3552 onustum
1046 3487 1192 3554 sarcinis

216 3592 384 3676 armisque
423 3589 566 3656 militem
610 3611 687 3655 cum
726 3592 966 3656 antevenisset.
1018 3587 1194 3656 Caecinae
