2534 4084
252 331 298 401 Aa
317 330 479 384 sxoussu
491 332 657 386 sucusrr
676 335 696 385 1.
715 337 826 386 ea-so.
992 334 1032 400 19

44 525 149 611 quasi
165 545 228 610 per
244 525 390 590 officium
406 523 527 590 obviae
542 525 634 590 fuere
650 525 811 610 legiones,
825 548 891 591 non
908 526 1030 609 laetae,

45 636 85 691 ut
111 626 259 710 adsolet,
282 649 391 713 neque
414 627 605 710 insignibus
622 628 801 712 fulgentes,
826 627 888 694 sed
903 629 1031 695 inluvie

48 730 197 795 deformi
221 739 253 795 et
277 730 382 814 vultu,
407 752 607 816 quamquam
629 733 836 798 maestitiam
858 732 1030 797 imitaren·
1058 750 1084 790 15

47 843 118 918 tur,
141 835 376 898 contumaciae
397 837 580 920 propiores.

157 935 210 1003 25.
233 937 416 1024 Postquam
430 937 558 1003 vallum
580 940 721 1023 introiit,
744 947 859 1024 portas
877 940 1031 1004 stationi-

50 1041 116 1106 bus
150 1041 299 1125 firmant,
329 1040 447 1126 globos
476 1052 682 1107 armatorum
711 1045 813 1108 certis
843 1052 1032 1109 castrorum

50 1145 137 1210 locis
155 1145 302 1230 opperiri
319 1143 451 1210 iubent:
467 1147 571 1210 ceteri
585 1145 736 1211 tribunal
750 1147 882 1230 ingenti
898 1148 1032 1230 agmine

51 1247 336 1313 circumveniunt.
395 1246 509 1314 stabat
548 1247 681 1312 Drusus
717 1249 887 1315 silentium
928 1273 1029 1314 manu

51 1373 208 1436 poscens.
256 1349 307 1414 illi
342 1351 495 1436 quotiens
534 1349 648 1416 oeulos
693 1351 738 1416 ad
780 1353 1069 1419 multitudinem⁵

53 1455 278 1540 rettulerant,
301 1453 442 1519 vocibus
472 1453 672 1519 truculentis
708 1464 867 1541 strepere,
900 1479 1032 1524 rursum

53 1560 128 1622 viso
153 1556 301 1623 Caesare
328 1556 515 1643 trepidare,
550 1581 699 1624 murmur
722 1561 897 1642 incertum,
932 1570 1033 1626 atrox

53 1663 184 1727 elamor
197 1670 230 1726 et
245 1670 382 1747 repente
395 1663 506 1747 quies3
523 1659 667 1727 diversis
685 1665 872 1728 animorum
886 1663 1032 1730 motibus

54 1765 229 1851 pavebant
251 1764 499 1851 terrebantque.
523 1765 661 1832 tandem
676 1769 863 1854 interrupto
886 1768 1033 1834 tumultu

53 1869 191 1934 litteras
220 1870 328 1955 patris
353 1872 492 1947 recitat,
528 1872 562 1935 in
591 1872 665 1956 quis
699 1873 924 1958 perscriptum
948 1881 1031 1958 erat,
1059 1889 1085 1930 10

53 1973 274 2057 praecipuam
310 1975 376 2059 ipsi
413 1973 673 2056 fortissimarum
701 1973 871 2059 legionum
906 1997 1032 2059 euram,

55 2076 257 2163 quibuscum
271 2076 415 2161 plurima
438 2074 529 2140 bella
551 2076 785 2162 toleravisset3
808 2077 867 2143 ubi
889 2080 1032 2164 primum

55 2206 75 2247 a
97 2183 195 2246 luctu
223 2182 409 2266 requiesset
439 2181 587 2264 animus,
616 2191 771 2247 acturum
800 2182 891 2268 apud
917 2191 1031 2268 patres

56 2285 97 2352 de
111 2283 296 2372 postulatis
314 2305 443 2368 eorum3
466 2284 600 2349 misisse
616 2285 752 2349 interim
767 2285 883 2370 filium,
906 2294 943 2350 ut
960 2287 1032 2350 sine

55 2389 274 2454 cunctatione
297 2385 496 2453 concederet
513 2408 598 2471 quae
622 2389 738 2452 statim
758 2387 863 2453 tribui
877 2397 1031 2474 possent,
1059 2407 1083 2446 1⁵

55 2503 170 2558 cetera
201 2493 332 2556 senatui
362 2491 546 2574 servanda,
570 2513 666 2577 quem
689 2514 797 2579 neque
820 2495 953 2577 gratiae
974 2516 1032 2559 ne·

55 2619 117 2683 que
142 2596 336 2661 severitatis
360 2604 531 2681 expertem
553 2593 671 2660 haberi
693 2618 756 2682 par
779 2606 878 2662 esset.

159 2697 212 2764 26.
233 2699 444 2784 Responsum
467 2708 517 2764 est
541 2701 745 2782 acontione,
769 2700 933 2765 mandata
957 2698 1032 2766 Cle·
1123 2686 1125 2690 ’

53 2803 162 2869 menti
177 2803 366 2867 centurioni
383 2823 468 2887 quae
483 2802 658 2887 perferret.
683 2804 711 2867 is
736 2802 867 2869 orditur
891 2802 932 2868 de
954 2805 1032 2869 mis-

56 2910 152 2973 sione
168 2929 189 2970 s
207 2904 353 2988 sedecim
375 2906 485 2989 annis,
510 2904 551 2969 de
565 2906 724 2990 praemiis
740 2905 857 2971 finitae
879 2906 1031 2989 militiae,

55 3021 91 3077 ut
110 3010 271 3076 denarius
289 3007 444 3074 diurnum
467 3007 671 3093 stipendium
694 3009 792 3095 foret,
814 3033 858 3075 ne
880 3014 1032 3076 veterani

57 3114 119 3179 sub
143 3111 270 3177 vexillo
294 3110 508 3177 haberentur.
539 3110 584 3176 ad
612 3134 652 3178 ea
674 3111 807 3178 Drusus
837 3136 913 3179 oum
943 3112 1032 3178 arbi·
1059 3132 1072 3172 s

56 3221 160 3283 trium
185 3225 322 3281 senatus
346 3225 378 3282 et
401 3217 509 3302 patris
539 3215 753 3299 obtenderet,
787 3215 934 3281 clamore
962 3224 1032 3280 tur·

56 3321 169 3385 batur.
193 3342 253 3385 cur
267 3321 426 3404 venisset,
443 3342 550 3406 neque
567 3318 732 3403 augendis
747 3319 891 3384 militum
909 3320 1032 3404 stipen-

60 3423 123 3488 diis
139 3445 249 3508 neque
265 3422 464 3490 adlevandis
481 3421 666 3504 laboribus,
684 3423 826 3508 denique
840 3422 935 3486 nulla
947 3420 1033 3487 bene

59 3527 209 3592 faciendi
237 3527 399 3592 lieentia?
433 3539 469 3592 at
503 3526 641 3592 hercule
674 3524 815 3591 verbera
851 3535 882 3591 et
916 3547 1033 3592 necem

61 3634 192 3696 eunctis
227 3632 386 3716 permitti.
415 3629 587 3696 'liberium
616 3631 696 3696 olim
727 3630 862 3694 nomine
884 3627 1031 3714 Augusti
1060 3647 1086 3688 1⁰

895 3783 928 3834 2¹»
