2500 4084
247 323 293 373 AB
312 319 473 373 EXGESSU
492 319 652 377 AUGUSTI
669 319 715 372 tv.
733 317 844 370 otssts.
968 315 1027 381 197

49 513 168 578 ditum.
190 510 329 597 Ephesii
345 509 544 596 Milesiique,
568 508 602 573 hi
625 507 805 595 Apollinis,
830 501 878 572 illi
894 506 1028 573 Dianae

51 615 257 682 caerimonia
281 614 502 701 occupavisse
530 613 688 678 civitates
713 613 788 678 visi.
819 611 868 676 ita
892 609 1028 676 Sardia-

47 741 109 784 nos
151 719 240 785 inter
276 718 549 804 Zmyrnaeosque
595 715 827 783 deliberatum.
870 713 1029 782 Sardiani

50 822 225 888 decretum
239 821 397 887 Etruriae
408 823 600 888 recitavere
615 830 654 886 ut
669 819 928 904 consanguinei:
951 840 1030 883 nam
1056 841 1082 884 ao

48 925 263 1012 Tyrrhenum
288 924 486 1011 Lydumque
508 924 597 1012 Atye
620 945 700 1009 rege
723 925 855 1008 genitos
880 922 922 989 ob
945 922 1028 988 mul-

49 1030 229 1096 titudinem
254 1027 410 1095 divisisse
433 1039 583 1114 gentem3
605 1027 741 1114 Lydum
763 1029 884 1114 patriis
907 1027 941 1092 in
963 1035 1029 1092 ter-

49 1135 97 1200 ris
121 1132 307 1216 resedisse,
331 1131 505 1219 Tyrrheno
536 1131 652 1198 datum
679 1153 786 1197 novas
809 1139 845 1195 ut
869 1129 1030 1196 conderet

52 1235 168 1320 sedes3
194 1246 227 1301 et
244 1235 365 1302 dueum
389 1257 407 1302 e
429 1234 621 1302 nominibus
644 1234 756 1300 indita
771 1233 939 1299 voeabula
962 1233 1030 1299 illis

50 1362 110 1427 per
133 1338 262 1423 Asiam,
284 1337 337 1404 his
361 1340 394 1405 in
418 1339 536 1423 Italia3
561 1348 762 1426 auctamque
785 1338 895 1403 adhuc
917 1336 1030 1423 Lydo·
1056 1361 1083 1402 a

51 1467 126 1511 rum
149 1443 355 1530 opulentiam
384 1443 496 1508 missis
528 1444 562 1507 in
591 1439 771 1508 Graeciam
798 1440 947 1527 populis,
977 1441 1031 1506 oui

51 1569 131 1613 mox
155 1569 176 1612 a
199 1545 322 1633 Pelope
345 1567 475 1612 nomen.
511 1546 611 1612 simul
633 1545 766 1612 litteras
795 1547 1033 1631 imperatorum

52 1659 84 1716 et
107 1651 180 1716 ieta
203 1648 378 1714 nobiseum
406 1649 544 1716 foedera
571 1647 659 1716 bello
682 1647 905 1715 Macedonum
936 1648 1033 1714 uber-

52 1764 225 1838 tatemque
258 1752 430 1819 fluminum
465 1775 614 1837 suorum,
649 1753 842 1840 temperiem
876 1749 963 1818 caeli
992 1773 1032 1817 ac

54 1858 143 1922 dites
167 1857 295 1922 circum
319 1867 425 1923 terras
449 1855 692 1922 memorabant.
1060 1879 1086 1920 so

157 1956 209 2023 56.
232 1958 279 2024 At
294 1959 474 2046 Zmyrnaei
498 1961 642 2045 repetita
665 1967 847 2043 vetustate,
871 1981 930 2026 seu
945 1957 1033 2022 Tan-

52 2061 144 2128 talus
169 2062 250 2128 Iove
267 2071 360 2128 ortus
384 2062 470 2146 illos,
495 2065 566 2128 sive
589 2062 739 2128 Theseus
764 2062 880 2129 divina
905 2071 938 2127 et
962 2063 1033 2148 ipse

55 2167 172 2250 stirpe,
181 2164 253 2230 sive
264 2186 331 2230 una
340 2163 548 2230 Amazonum
560 2164 779 2249 condidisset,
793 2164 1034 2231 transcendere

54 2267 99 2334 ad
117 2291 169 2352 ea,
186 2269 259 2354 quis
274 2269 422 2334 maxime
436 2267 599 2354 fidebant,
623 2270 657 2334 in
676 2268 835 2355 populum
849 2268 1035 2335 Romanum

56 2372 195 2455 officiis,
217 2373 322 2438 missa
343 2371 460 2437 navali
483 2373 581 2458 copia
610 2393 678 2438 non
701 2372 799 2438 modo
823 2382 966 2439 externa
989 2373 1035 2438 ad
1061 2396 1074 2436 a

55 2474 165 2558 bella,
193 2474 252 2540 sed
274 2497 359 2563 quae
383 2476 417 2541 in
441 2475 545 2541 Italia
568 2475 817 2559 tolerabantur,
847 2499 947 2563 seque
969 2477 1035 2562 pri-

55 2599 128 2644 mos
164 2577 322 2665 templum
355 2579 448 2644 urbis
471 2580 597 2645 Romae
629 2581 806 2663 statuisse,
840 2579 885 2644 M.
914 2581 1034 2645 Porcio

58 2679 210 2766 consule,
232 2682 364 2766 magnis
389 2682 524 2769 quidem
547 2685 614 2748 iam
628 2682 742 2769 populi
759 2682 900 2749 Romani
923 2682 1035 2766 rebus,

57 2783 208 2850 nondum
229 2793 342 2851 tamen
366 2785 412 2850 ad
441 2807 604 2852 summum
636 2785 751 2869 elatis,
789 2795 901 2852 stante
924 2786 1035 2852 adhue

57 2889 187 2953 Punica
209 2887 293 2954 urbe
316 2898 349 2952 et
372 2887 497 2955 validis
520 2911 580 2976 per
601 2890 721 2956 Asiam
750 2891 897 2975 regibus.
936 2888 1034 2954 simul
1062 2907 1087 2953 a

57 2991 97 3054 L.
122 2988 251 3056 Sullam
274 2999 395 3056 testem
424 2990 640 3077 adferebant,
675 2995 876 3078 gravissimo
905 2994 939 3058 in
969 2992 1036 3058 dis·

58 3095 201 3160 crimine
225 3095 395 3160 exereitus
420 3093 461 3160 ob
485 3097 706 3182 asperitatem
735 3096 855 3162 hiemis
880 3105 912 3162 et
935 3117 1036 3182 penu-

59 3199 145 3263 riam
169 3199 285 3282 vestis,
309 3218 384 3263 cum
406 3196 443 3262 id
466 3198 648 3285 Zmyrnam
677 3201 712 3264 in
741 3201 932 3266 contionem
954 3222 1037 3265 nun·

59 3304 184 3366 tiatum
203 3300 300 3385 foret,
324 3323 438 3367 omnes
462 3304 518 3389 qui
542 3302 729 3369 adstabant
753 3303 943 3370 detraxisse
965 3324 1037 3368 eor-

60 3407 132 3492 pori
168 3407 317 3490 tegmina
350 3407 542 3492 nostrisque
575 3405 766 3490 legionibus
800 3408 942 3473 misisse.
988 3408 1036 3472 ita
1064 3430 1090 3472 rs

60 3509 173 3594 rogati
209 3510 412 3574 sententiam
445 3520 560 3595 patres
595 3510 803 3595 Zmyrnaeos
837 3510 1038 3596 praetulere.

62 3612 260 3699 censuitque
283 3611 404 3678 Vibius
424 3611 578 3699 Marsus,
607 3622 644 3678 ut
666 3611 722 3678 M'.
745 3612 893 3706 Lepido,
921 3616 975 3680 cui
999 3636 1038 3681 ea
