2500 4084
255 273 302 323 AB
321 273 485 328 Excussa
504 272 661 330 AUGUSTI
680 273 724 324 VI.
743 273 853 324 42-45.
976 272 1038 338 247

58 466 154 530 tione
170 461 372 540 adverteret.
395 485 462 528 non
478 463 581 545 fraus,
605 485 671 530 non
687 485 816 550 preces,
839 461 925 540 nibil
941 463 1039 530 cmis-

57 590 145 651 sum,
169 588 233 653 quo
256 566 436 650 ambiguos
457 566 627 650 inliceret,
646 568 792 654 prompti
814 567 1039 637 firmarentur.

56 672 194 756 iamque
224 669 330 736 multa
359 691 461 737 manu
489 671 676 756 propinqua
706 667 880 737 Seleuciae
915 669 1039 735 adven-

56 773 169 856 tabat,
193 795 269 838 cum
292 773 464 841 Tiridates
488 772 586 841 simul
609 773 699 840 fama
724 782 825 858 atque
848 773 922 858 ipso
938 771 1039 838 Arta·

57 877 149 942 banc
184 875 358 962 perculsus
389 876 532 943 distrahi
555 876 723 959 consiliis,
753 878 818 942 iret
845 886 965 942 contra
995 899 1040 941 an
1067 892 1092 932 ¹0

56 979 188 1058 bellum
208 981 425 1046 cunctatione
455 988 630 1047 tractaret.
675 979 796 1066 quibus
819 979 984 1066 proelium
1008 990 1040 1044 et

55 1084 213 1152 festinati
229 1103 330 1147 casus
344 1081 537 1168 placebant,
562 1083 724 1149 disiectos
741 1093 774 1148 ct
789 1082 1041 1170 longinquitate

56 1187 195 1264 itineris
209 1185 315 1252 fessos
338 1208 380 1250 ne
397 1186 507 1254 animo
525 1185 658 1271 quidem
676 1187 759 1252 satis
784 1185 829 1252 ad
845 1186 1041 1272 obsequium

58 1288 230 1358 coaluisse
270 1289 456 1372 disserunt,
497 1289 687 1376 proditores
721 1311 827 1376 nuper
859 1289 1041 1376 hostesque

59 1395 150 1477 eius,
173 1399 282 1478 'quem
316 1416 449 1460 rursum
477 1395 626 1469 foveant.
671 1416 788 1463 verum
817 1392 1039 1478 Abdagaeses
1068 1407 1094 1448 1⁵

58 1495 320 1580 regrediendum
343 1499 378 1561 in
393 1496 671 1584 Mesopotamiam
694 1496 866 1581 censebat,
889 1507 927 1562 ut
945 1520 1041 1564 amne

62 1599 214 1683 obiecto,
230 1598 413 1672 ‚Armeniis
443 1601 578 1669 interim
599 1599 839 1687 Elymaeisque
862 1610 895 1666 et
918 1602 1041 1668 ceteris

60 1727 81 1770 a
106 1712 202 1787 tergo
220 1705 352 1786 excitis,
376 1705 467 1770 aucti
490 1705 596 1790 copiis
613 1704 796 1772 socialibus
821 1713 855 1770 et
871 1725 954 1790 quas
973 1703 1042 1773 dux

59 1808 232 1872 Romanus
261 1808 410 1874 misisset
443 1809 612 1878 fortunam
640 1816 854 1895 temptarent.
900 1829 940 1876 ea
968 1831 1041 1874 sen-

62 1911 172 1976 tentia
195 1911 321 1995 valuit,
349 1912 428 1998 quia
456 1911 600 1998 plurima
629 1913 816 1980 auctoritas
846 1933 948 1999 penes
972 1911 1039 1978 Ab·
1068 1927 1095 1966 ²⁰

64 2013 237 2097 dagaesen
266 2024 298 2081 et
322 2014 494 2080 Tiridates
524 2016 668 2098 ignavus
704 2015 750 2081 ad
777 2015 927 2102 pericula
958 2025 1041 2080 erat.

63 2117 125 2183 sed
147 2117 247 2201 fugae
272 2120 384 2205 specie
409 2118 612 2203 discessum3
643 2141 684 2188 ac
706 2120 872 2206 principio
896 2142 916 2184 a
940 2130 1041 2204 gente

63 2219 216 2287 Arabum
244 2221 335 2290 facto
364 2223 469 2288 ceteri
493 2221 607 2288 domos
630 2220 758 2292 abeunt
781 2223 836 2288 vel
864 2224 898 2287 in
927 2231 1042 2288 castra

63 2324 250 2408 Artabani,
280 2325 386 2392 donec
409 2325 580 2394 Tiridates
610 2349 686 2400 cum
707 2327 829 2412 paucis
851 2328 885 2392 in
909 2325 1042 2396 Suriam

65 2436 220 2494 revectus
243 2429 372 2515 pudore
393 2429 596 2516 proditionis
620 2451 733 2502 omnes
758 2428 914 2500 exsolvit.
1067 2439 1093 2480 ²⁵

168 2531 219 2602 45„
242 2532 337 2598 Idem
366 2555 475 2598 annus
509 2534 607 2616 gravi
641 2534 721 2616 igne
752 2531 869 2598 urbem
904 2533 1043 2617 adfecit,

65 2635 185 2702 deusta
208 2644 305 2722 parte
328 2637 428 2718 circi,
452 2657 538 2722 quae
561 2635 730 2703 Aventino
753 2637 932 2720 contigua,
957 2638 1042 2724 ipso·

66 2761 130 2826 que
152 2738 338 2822 Aventin03
373 2739 462 2825 quod
495 2739 652 2806 damnum
675 2737 804 2807 Caesar
832 2739 877 2811 ad
900 2739 1044 2823 gloriam

66 2844 168 2909 vertit
192 2841 358 2910 exsolutis
382 2843 536 2910 domuum
559 2852 592 2908 et
615 2843 801 2914 insularum
824 2845 953 2930 pretiis.
983 2845 1043 2910 rni-

66 2946 151 3012 liens
186 2947 379 3014 sestertium
413 2948 447 3013 in
480 2947 710 3017 munificentia
746 2970 785 3014 ea
819 2945 1044 3031 conlocatum,
1071 2967 1083 3007 ⁵

67 3058 163 3118 tanto
187 3051 361 3136 acceptius
391 3051 425 3114 in
453 3049 607 3134 vulgum,
642 3061 768 3137 quanto
797 3049 949 3116 modicus
978 3052 1044 3136 pri·

69 3155 159 3219 vatis
184 3153 477 3222 aedificationibus
508 3176 551 3218 ne
573 3153 709 3239 publice
732 3154 867 3240 quidem
889 3155 956 3220 nisi
980 3153 1044 3220 duo

69 3278 169 3342 opera
194 3256 328 3338 struxit,
352 3255 511 3342 templum
533 3255 689 3341 Augusto
713 3267 746 3324 et
769 3280 927 3324 scaenam
949 3258 1044 3323 Pom-

69 3360 181 3445 peiani
209 3358 352 3442 theatrir
381 3381 486 3446 eaque
514 3360 681 3446 perfecta,
712 3369 906 3447 contemptu
939 3361 1044 3428 ambi-

69 3463 171 3533 tionis
206 3486 249 3533 an
282 3485 342 3562 per
376 3471 599 3546 senectutem,
630 3461 722 3538 haud
757 3462 939 3536 dedicavit.
985 3465 1046 3534 sed
1071 3484 1099 3524 1⁰

70 3563 280 3634 aestimando
295 3566 455 3651 cuiusque
473 3565 673 3635 detrimento
690 3574 850 3653 quattuor
864 3570 1045 3654 progeneri
