<?xml version="1.0" encoding="UTF-8"?>
<!DOCTYPE html PUBLIC "-//W3C//DTD XHTML 1.0 Transitional//EN"
    "http://www.w3.org/TR/xhtml1/DTD/xhtml1-transitional.dtd">
<html xmlns="http://www.w3.org/1999/xhtml" xml:lang="en" lang="en">
 <head>
  <title>
</title>
<meta http-equiv="Content-Type" content="text/html;charset=utf-8" />
  <meta name='ocr-system' content='tesseract 3.04.00' />
  <meta name='ocr-capabilities' content='ocr_page ocr_carea ocr_par ocr_line ocrx_word'/>
</head>
<body>
  <div class='ocr_page' id='page_1' title='image "./corneliitacitia03tacigoog_0257.png"; bbox 0 0 2500 4084; ppageno 0'>
   <div class='ocr_carea' id='block_1_1' title="bbox 310 889 1097 1005">
    <p class='ocr_par' dir='ltr' id='par_1_1' title="bbox 310 889 1097 1005">
     <span class='ocr_line' id='line_1_1' title="bbox 310 889 1097 1005; baseline -0.003 -1"><span class='ocrx_word' id='word_1_1' title='bbox 310 889 749 1005; x_wconf 79' lang='lat' dir='ltr'>CORNELII</span> <span class='ocrx_word' id='word_1_2' title='bbox 796 893 1097 1003; x_wconf 77' lang='grc' dir='ltr'><strong>ΤΑΟΙΤΙ</strong></span> 
     </span>
    </p>
   </div>
   <div class='ocr_carea' id='block_1_2' title="bbox 389 1075 1022 1272">
    <p class='ocr_par' dir='ltr' id='par_1_2' title="bbox 389 1075 1022 1272">
     <span class='ocr_line' id='line_1_2' title="bbox 389 1075 1022 1174; baseline -0.002 -30"><span class='ocrx_word' id='word_1_3' title='bbox 389 1077 448 1174; x_wconf 73' lang='lat' dir='ltr'>aa</span> <span class='ocrx_word' id='word_1_4' title='bbox 471 1075 677 1148; x_wconf 71' lang='lat' dir='ltr'>Excusso</span> <span class='ocrx_word' id='word_1_5' title='bbox 699 1077 799 1144; x_wconf 77' lang='lat' dir='ltr'>orvi</span> <span class='ocrx_word' id='word_1_6' title='bbox 821 1075 1022 1144; x_wconf 80' lang='lat' dir='ltr'>aucusrr</span> 
     </span>
     <span class='ocr_line' id='line_1_3' title="bbox 614 1214 803 1272; baseline -0.005 -2"><span class='ocrx_word' id='word_1_7' title='bbox 614 1214 735 1272; x_wconf 70' lang='lat' dir='ltr'>hisnu</span> <span class='ocrx_word' id='word_1_8' title='bbox 752 1215 803 1270; x_wconf 89' lang='lat' dir='ltr'>Vl.</span> 
     </span>
    </p>
   </div>
   <div class='ocr_carea' id='block_1_3' title="bbox 180 1354 1192 2057">
    <p class='ocr_par' dir='ltr' id='par_1_3' title="bbox 221 1354 1192 1736">
     <span class='ocr_line' id='line_1_4' title="bbox 323 1354 1192 1440; baseline -0.005 -18"><span class='ocrx_word' id='word_1_9' title='bbox 323 1357 364 1438; x_wconf 87' lang='lat' dir='ltr'>V,</span> <span class='ocrx_word' id='word_1_10' title='bbox 389 1357 418 1421; x_wconf 89' lang='lat'>6.</span> <span class='ocrx_word' id='word_1_11' title='bbox 443 1405 450 1420; x_wconf 94' lang='lat'><strong>.</strong></span> <span class='ocrx_word' id='word_1_12' title='bbox 476 1405 483 1422; x_wconf 90' lang='lat'><strong>.</strong></span> <span class='ocrx_word' id='word_1_13' title='bbox 508 1405 515 1419; x_wconf 92' lang='lat'><strong><em>.</em></strong></span> <span class='ocrx_word' id='word_1_14' title='bbox 540 1355 708 1437; x_wconf 79' lang='lat' dir='ltr'><strong>Quattuor</strong></span> <span class='ocrx_word' id='word_1_15' title='bbox 731 1363 763 1419; x_wconf 90' lang='lat' dir='ltr'>et</span> <span class='ocrx_word' id='word_1_16' title='bbox 781 1354 1010 1440; x_wconf 85' lang='lat' dir='ltr'>quadraginta</span> <span class='ocrx_word' id='word_1_17' title='bbox 1027 1359 1192 1422; x_wconf 86' lang='lat' dir='ltr'>orationes</span> 
     </span>
     <span class='ocr_line' id='line_1_5' title="bbox 222 1458 1191 1548; baseline -0.004 -22"><span class='ocrx_word' id='word_1_18' title='bbox 222 1483 322 1548; x_wconf 82' lang='lat' dir='ltr'>super</span> <span class='ocrx_word' id='word_1_19' title='bbox 345 1483 384 1525; x_wconf 84' lang='lat' dir='ltr'>aa</span> <span class='ocrx_word' id='word_1_20' title='bbox 414 1483 449 1524; x_wconf 90' lang='lat' dir='ltr'>re</span> <span class='ocrx_word' id='word_1_21' title='bbox 479 1459 631 1541; x_wconf 88' lang='lat' dir='ltr'>habitae,</span> <span class='ocrx_word' id='word_1_22' title='bbox 662 1482 704 1523; x_wconf 87' lang='lat' dir='ltr'>ex</span> <span class='ocrx_word' id='word_1_23' title='bbox 721 1459 801 1545; x_wconf 86' lang='lat' dir='ltr'>¹quis</span> <span class='ocrx_word' id='word_1_24' title='bbox 832 1458 873 1523; x_wconf 94' lang='lat' dir='ltr'>ob</span> <span class='ocrx_word' id='word_1_25' title='bbox 905 1468 1030 1524; x_wconf 90' lang='lat' dir='ltr'>metum</span> <span class='ocrx_word' id='word_1_26' title='bbox 1058 1483 1191 1546; x_wconf 79' lang='lat' dir='ltr'>paucae,</span> 
     </span>
     <span class='ocr_line' id='line_1_6' title="bbox 221 1557 1191 1650; baseline -0.004 -22"><span class='ocrx_word' id='word_1_27' title='bbox 221 1563 334 1650; x_wconf 89' lang='lat' dir='ltr'>plures</span> <span class='ocrx_word' id='word_1_28' title='bbox 370 1562 595 1629; x_wconf 79' lang='lat' dir='ltr'><strong>adsuetudine</strong></span> <span class='ocrx_word' id='word_1_29' title='bbox 620 1611 789 1626; x_wconf 92' lang='grc'><strong>......</strong></span> <span class='ocrx_word' id='word_1_30' title='bbox 814 1557 909 1627; x_wconf 85' lang='lat' dir='ltr'>‘mihi</span> <span class='ocrx_word' id='word_1_31' title='bbox 944 1562 1104 1648; x_wconf 89' lang='lat' dir='ltr'>pudorem</span> <span class='ocrx_word' id='word_1_32' title='bbox 1138 1574 1191 1627; x_wconf 88' lang='lat' dir='ltr'>aut</span> 
     </span>
     <span class='ocr_line' id='line_1_7' title="bbox 222 1665 1190 1736; baseline -0.005 -1"><span class='ocrx_word' id='word_1_33' title='bbox 222 1669 344 1736; x_wconf 89' lang='lat' dir='ltr'>Seiano</span> <span class='ocrx_word' id='word_1_34' title='bbox 370 1667 534 1734; x_wconf 90' lang='lat' dir='ltr'>invidiam</span> <span class='ocrx_word' id='word_1_35' title='bbox 558 1665 751 1732; x_wconf 89' lang='lat' dir='ltr'>adlaturum</span> <span class='ocrx_word' id='word_1_36' title='bbox 774 1666 900 1731; x_wconf 88' lang='lat' dir='ltr'>censui.</span> <span class='ocrx_word' id='word_1_37' title='bbox 928 1689 1028 1732; x_wconf 88' lang='lat' dir='ltr'>versa</span> <span class='ocrx_word' id='word_1_38' title='bbox 1059 1676 1108 1732; x_wconf 89' lang='lat' dir='ltr'>est</span> <span class='ocrx_word' id='word_1_39' title='bbox 1131 1667 1190 1731; x_wconf 88' lang='lat' dir='ltr'>sor·</span> 
     </span>
    </p>

    <p class='ocr_par' dir='ltr' id='par_1_4' title="bbox 180 1768 1191 2057">
     <span class='ocr_line' id='line_1_8' title="bbox 180 1768 1190 1857; baseline -0.008 -16"><span class='ocrx_word' id='word_1_40' title='bbox 180 1801 194 1842; x_wconf 72' lang='lat' dir='ltr'>a</span> <span class='ocrx_word' id='word_1_41' title='bbox 223 1783 322 1855; x_wconf 88' lang='lat' dir='ltr'>tuna,</span> <span class='ocrx_word' id='word_1_42' title='bbox 358 1781 390 1836; x_wconf 94' lang='lat' dir='ltr'>et</span> <span class='ocrx_word' id='word_1_43' title='bbox 415 1770 471 1836; x_wconf 87' lang='lat' dir='ltr'>ille</span> <span class='ocrx_word' id='word_1_44' title='bbox 502 1769 652 1857; x_wconf 89' lang='lat' dir='ltr'>quidem,</span> <span class='ocrx_word' id='word_1_45' title='bbox 689 1771 746 1856; x_wconf 91' lang='lat' dir='ltr'>qui</span> <span class='ocrx_word' id='word_1_46' title='bbox 769 1768 934 1854; x_wconf 80' lang='lat' dir='ltr'>collegam</span> <span class='ocrx_word' id='word_1_47' title='bbox 969 1780 1003 1835; x_wconf 91' lang='lat' dir='ltr'>et</span> <span class='ocrx_word' id='word_1_48' title='bbox 1038 1791 1190 1854; x_wconf 86' lang='lat' dir='ltr'>generum</span> 
     </span>
     <span class='ocr_line' id='line_1_9' title="bbox 222 1872 1189 1960; baseline -0.004 -20"><span class='ocrx_word' id='word_1_49' title='bbox 222 1875 433 1956; x_wconf 79' lang='lat' dir='ltr'>adsciverat,</span> <span class='ocrx_word' id='word_1_50' title='bbox 470 1873 534 1939; x_wconf 92' lang='lat' dir='ltr'>sibi</span> <span class='ocrx_word' id='word_1_51' title='bbox 569 1874 732 1958; x_wconf 85' lang='lat' dir='ltr'>ignoscit:</span> <span class='ocrx_word' id='word_1_52' title='bbox 767 1873 889 1955; x_wconf 88' lang='lat' dir='ltr'>ceteri,</span> <span class='ocrx_word' id='word_1_53' title='bbox 924 1895 1022 1960; x_wconf 91' lang='lat' dir='ltr'>quem</span> <span class='ocrx_word' id='word_1_54' title='bbox 1045 1897 1104 1959; x_wconf 89' lang='lat' dir='ltr'>per</span> <span class='ocrx_word' id='word_1_55' title='bbox 1141 1872 1189 1937; x_wconf 91' lang='lat' dir='ltr'>de·</span> 
     </span>
     <span class='ocr_line' id='line_1_10' title="bbox 221 1974 1191 2057; baseline -0.006 -14"><span class='ocrx_word' id='word_1_56' title='bbox 221 1978 343 2043; x_wconf 88' lang='lat' dir='ltr'>decora</span> <span class='ocrx_word' id='word_1_57' title='bbox 367 1976 490 2057; x_wconf 83' lang='lat' dir='ltr'>fovere,</span> <span class='ocrx_word' id='word_1_58' title='bbox 526 1997 600 2042; x_wconf 88' lang='lat' dir='ltr'>cum</span> <span class='ocrx_word' id='word_1_59' title='bbox 629 1974 756 2040; x_wconf 87' lang='lat' dir='ltr'>scelere</span> <span class='ocrx_word' id='word_1_60' title='bbox 784 1977 1006 2044; x_wconf 87' lang='lat' dir='ltr'>insectantur.</span> <span class='ocrx_word' id='word_1_61' title='bbox 1043 1978 1191 2042; x_wconf 87' lang='lat' dir='ltr'>miserius</span> 
     </span>
    </p>
   </div>
   <div class='ocr_carea' id='block_1_4' title="bbox 170 2080 1190 3620">
    <p class='ocr_par' dir='ltr' id='par_1_5' title="bbox 219 2080 1190 2266">
     <span class='ocr_line' id='line_1_11' title="bbox 221 2080 1190 2160; baseline -0.003 -14"><span class='ocrx_word' id='word_1_62' title='bbox 221 2083 265 2147; x_wconf 90' lang='lat' dir='ltr'>sit</span> <span class='ocrx_word' id='word_1_63' title='bbox 296 2080 338 2146; x_wconf 95' lang='lat' dir='ltr'>ob</span> <span class='ocrx_word' id='word_1_64' title='bbox 368 2081 555 2146; x_wconf 83' lang='lat' dir='ltr'>amicitiam</span> <span class='ocrx_word' id='word_1_65' title='bbox 585 2080 739 2144; x_wconf 85' lang='lat' dir='ltr'>accusari</span> <span class='ocrx_word' id='word_1_66' title='bbox 769 2101 813 2143; x_wconf 88' lang='lat' dir='ltr'>an</span> <span class='ocrx_word' id='word_1_67' title='bbox 847 2081 992 2145; x_wconf 86' lang='lat' dir='ltr'>amicum</span> <span class='ocrx_word' id='word_1_68' title='bbox 1024 2103 1190 2160; x_wconf 85' lang='lat' dir='ltr'>accusare,</span> 
     </span>
     <span class='ocr_line' id='line_1_12' title="bbox 219 2182 1190 2266; baseline -0.002 -16"><span class='ocrx_word' id='word_1_69' title='bbox 219 2183 310 2250; x_wconf 90' lang='lat' dir='ltr'>haud</span> <span class='ocrx_word' id='word_1_70' title='bbox 335 2183 562 2251; x_wconf 85' lang='lat' dir='ltr'>discreverim.</span> <span class='ocrx_word' id='word_1_71' title='bbox 591 2205 658 2247; x_wconf 90' lang='lat' dir='ltr'>non</span> <span class='ocrx_word' id='word_1_72' title='bbox 682 2182 934 2266; x_wconf 79' lang='lat' dir='ltr'>crudelitatem,</span> <span class='ocrx_word' id='word_1_73' title='bbox 963 2206 1030 2249; x_wconf 95' lang='lat' dir='ltr'>non</span> <span class='ocrx_word' id='word_1_74' title='bbox 1054 2185 1190 2252; x_wconf 90' lang='lat' dir='ltr'>clemen·</span> 
     </span>
    </p>

    <p class='ocr_par' dir='ltr' id='par_1_6' title="bbox 170 2285 1190 2787">
     <span class='ocr_line' id='line_1_13' title="bbox 170 2285 1190 2375; baseline -0.005 -20"><span class='ocrx_word' id='word_1_75' title='bbox 170 2317 194 2356; x_wconf 85' lang='lat' dir='ltr'>ro</span> <span class='ocrx_word' id='word_1_76' title='bbox 222 2291 304 2354; x_wconf 89' lang='lat' dir='ltr'>tiam</span> <span class='ocrx_word' id='word_1_77' title='bbox 338 2289 537 2374; x_wconf 89' lang='lat' dir='ltr'>cuiusquam</span> <span class='ocrx_word' id='word_1_78' title='bbox 572 2287 743 2372; x_wconf 87' lang='lat' dir='ltr'>experiar,</span> <span class='ocrx_word' id='word_1_79' title='bbox 780 2285 839 2351; x_wconf 88' lang='lat' dir='ltr'>sed</span> <span class='ocrx_word' id='word_1_80' title='bbox 862 2285 949 2351; x_wconf 89' lang='lat' dir='ltr'>liber</span> <span class='ocrx_word' id='word_1_81' title='bbox 973 2296 1006 2352; x_wconf 90' lang='lat' dir='ltr'>et</span> <span class='ocrx_word' id='word_1_82' title='bbox 1029 2289 1111 2354; x_wconf 91' lang='lat' dir='ltr'>mihi</span> <span class='ocrx_word' id='word_1_83' title='bbox 1134 2289 1190 2375; x_wconf 93' lang='lat' dir='ltr'>ipsi</span> 
     </span>
     <span class='ocr_line' id='line_1_14' title="bbox 219 2388 1190 2479; baseline -0.004 -21"><span class='ocrx_word' id='word_1_84' title='bbox 219 2391 381 2479; x_wconf 91' lang='lat' dir='ltr'>probatus</span> <span class='ocrx_word' id='word_1_85' title='bbox 407 2391 522 2457; x_wconf 93' lang='lat' dir='ltr'>antibo</span> <span class='ocrx_word' id='word_1_86' title='bbox 552 2388 746 2477; x_wconf 90' lang='lat' dir='ltr'>periculum.</span> <span class='ocrx_word' id='word_1_87' title='bbox 770 2412 830 2454; x_wconf 89' lang='lat' dir='ltr'>vos</span> <span class='ocrx_word' id='word_1_88' title='bbox 854 2389 1023 2474; x_wconf 89' lang='lat' dir='ltr'>obtestor,</span> <span class='ocrx_word' id='word_1_89' title='bbox 1057 2415 1100 2458; x_wconf 91' lang='lat' dir='ltr'>ne</span> <span class='ocrx_word' id='word_1_90' title='bbox 1133 2415 1190 2456; x_wconf 86' lang='lat' dir='ltr'>mo-</span> 
     </span>
     <span class='ocr_line' id='line_1_15' title="bbox 219 2493 1189 2581; baseline -0.004 -19"><span class='ocrx_word' id='word_1_91' title='bbox 219 2497 360 2562; x_wconf 90' lang='lat' dir='ltr'>moriam</span> <span class='ocrx_word' id='word_1_92' title='bbox 382 2495 490 2560; x_wconf 90' lang='lat' dir='ltr'>nostri</span> <span class='ocrx_word' id='word_1_93' title='bbox 519 2516 578 2581; x_wconf 90' lang='lat' dir='ltr'>per</span> <span class='ocrx_word' id='word_1_94' title='bbox 601 2515 785 2559; x_wconf 88' lang='lat' dir='ltr'>maerorem</span> <span class='ocrx_word' id='word_1_95' title='bbox 814 2515 914 2580; x_wconf 89' lang='lat' dir='ltr'>quam</span> <span class='ocrx_word' id='word_1_96' title='bbox 942 2493 1024 2560; x_wconf 85' lang='lat' dir='ltr'>laeti</span> <span class='ocrx_word' id='word_1_97' title='bbox 1054 2498 1189 2562; x_wconf 86' lang='lat' dir='ltr'>retinea-</span> 
     </span>
     <span class='ocr_line' id='line_1_16' title="bbox 220 2597 1188 2685; baseline -0.004 -21"><span class='ocrx_word' id='word_1_98' title='bbox 220 2599 275 2679; x_wconf 87' lang='lat' dir='ltr'>tis,</span> <span class='ocrx_word' id='word_1_99' title='bbox 311 2597 491 2663; x_wconf 86' lang='lat' dir='ltr'>adiciendo</span> <span class='ocrx_word' id='word_1_100' title='bbox 527 2620 579 2662; x_wconf 91' lang='lat' dir='ltr'>me</span> <span class='ocrx_word' id='word_1_101' title='bbox 614 2617 744 2683; x_wconf 89' lang='lat' dir='ltr'>quoque</span> <span class='ocrx_word' id='word_1_102' title='bbox 773 2597 830 2679; x_wconf 88' lang='lat' dir='ltr'>iis,</span> <span class='ocrx_word' id='word_1_103' title='bbox 866 2599 922 2684; x_wconf 91' lang='lat' dir='ltr'>qui</span> <span class='ocrx_word' id='word_1_104' title='bbox 956 2597 1023 2663; x_wconf 91' lang='lat' dir='ltr'>fine</span> <span class='ocrx_word' id='word_1_105' title='bbox 1059 2601 1188 2685; x_wconf 86' lang='lat' dir='ltr'>egregio</span> 
     </span>
     <span class='ocr_line' id='line_1_17' title="bbox 220 2699 703 2787; baseline -0.004 -21"><span class='ocrx_word' id='word_1_106' title='bbox 220 2700 357 2787; x_wconf 88' lang='lat' dir='ltr'>publica</span> <span class='ocrx_word' id='word_1_107' title='bbox 381 2700 472 2767; x_wconf 88' lang='lat' dir='ltr'>mala</span> <span class='ocrx_word' id='word_1_108' title='bbox 496 2699 703 2784; x_wconf 68' lang='lat' dir='ltr'>effugerunt!</span> 
     </span>
    </p>

    <p class='ocr_par' dir='ltr' id='par_1_7' title="bbox 219 2802 1190 3203">
     <span class='ocr_line' id='line_1_18' title="bbox 322 2802 1189 2890; baseline 0.002 -22"><span class='ocrx_word' id='word_1_109' title='bbox 322 2803 364 2888; x_wconf 89' lang='lat' dir='ltr'>V,</span> <span class='ocrx_word' id='word_1_110' title='bbox 389 2803 417 2868; x_wconf 81' lang='lat'>7.</span> <span class='ocrx_word' id='word_1_111' title='bbox 441 2803 536 2868; x_wconf 86' lang='lat' dir='ltr'>Tunc</span> <span class='ocrx_word' id='word_1_112' title='bbox 554 2802 716 2887; x_wconf 85' lang='lat' dir='ltr'>singulos,</span> <span class='ocrx_word' id='word_1_113' title='bbox 739 2811 777 2867; x_wconf 91' lang='lat' dir='ltr'>ut</span> <span class='ocrx_word' id='word_1_114' title='bbox 792 2803 912 2890; x_wconf 86' lang='lat' dir='ltr'>cuique</span> <span class='ocrx_word' id='word_1_115' title='bbox 937 2803 1116 2889; x_wconf 87' lang='lat' dir='ltr'>absistere,</span> <span class='ocrx_word' id='word_1_116' title='bbox 1140 2806 1189 2872; x_wconf 89' lang='lat' dir='ltr'>ad·</span> 
     </span>
     <span class='ocr_line' id='line_1_19' title="bbox 222 2906 1190 2996; baseline 0.002 -25"><span class='ocrx_word' id='word_1_117' title='bbox 222 2906 313 2992; x_wconf 90' lang='lat' dir='ltr'>loqui</span> <span class='ocrx_word' id='word_1_118' title='bbox 338 2909 469 2974; x_wconf 92' lang='lat' dir='ltr'>animus</span> <span class='ocrx_word' id='word_1_119' title='bbox 494 2916 585 2989; x_wconf 89' lang='lat' dir='ltr'>erat,</span> <span class='ocrx_word' id='word_1_120' title='bbox 613 2907 763 2972; x_wconf 88' lang='lat' dir='ltr'>retinens</span> <span class='ocrx_word' id='word_1_121' title='bbox 788 2917 846 2973; x_wconf 93' lang='lat' dir='ltr'>aut</span> <span class='ocrx_word' id='word_1_122' title='bbox 872 2906 1045 2974; x_wconf 87' lang='lat' dir='ltr'>dimittens</span> <span class='ocrx_word' id='word_1_123' title='bbox 1070 2922 1190 2996; x_wconf 90' lang='lat' dir='ltr'>partem</span> 
     </span>
     <span class='ocr_line' id='line_1_20' title="bbox 221 3009 1189 3098; baseline -0.002 -22"><span class='ocrx_word' id='word_1_124' title='bbox 221 3010 287 3076; x_wconf 91' lang='lat' dir='ltr'>diei</span> <span class='ocrx_word' id='word_1_125' title='bbox 311 3010 513 3098; x_wconf 81' lang='lat' dir='ltr'>absumpsit,</span> <span class='ocrx_word' id='word_1_126' title='bbox 548 3010 718 3097; x_wconf 85' lang='lat' dir='ltr'>multoque</span> <span class='ocrx_word' id='word_1_127' title='bbox 742 3009 852 3075; x_wconf 88' lang='lat' dir='ltr'>adhuc</span> <span class='ocrx_word' id='word_1_128' title='bbox 881 3020 979 3076; x_wconf 89' lang='lat' dir='ltr'>coetu</span> <span class='ocrx_word' id='word_1_129' title='bbox 1009 3023 1043 3078; x_wconf 90' lang='lat' dir='ltr'>et</span> <span class='ocrx_word' id='word_1_130' title='bbox 1067 3015 1189 3079; x_wconf 88' lang='lat' dir='ltr'>cunctis</span> 
     </span>
     <span class='ocr_line' id='line_1_21' title="bbox 219 3113 1185 3203; baseline 0.002 -25"><span class='ocrx_word' id='word_1_131' title='bbox 219 3113 421 3201; x_wconf 90' lang='lat' dir='ltr'>intrepidum</span> <span class='ocrx_word' id='word_1_132' title='bbox 448 3113 579 3179; x_wconf 90' lang='lat' dir='ltr'>vultum</span> <span class='ocrx_word' id='word_1_133' title='bbox 602 3116 673 3180; x_wconf 92' lang='lat' dir='ltr'>eius</span> <span class='ocrx_word' id='word_1_134' title='bbox 699 3113 948 3198; x_wconf 86' lang='lat' dir='ltr'>spectantibus,</span> <span class='ocrx_word' id='word_1_135' title='bbox 973 3138 1049 3181; x_wconf 88' lang='lat' dir='ltr'>cum</span> <span class='ocrx_word' id='word_1_136' title='bbox 1082 3139 1185 3203; x_wconf 87' lang='lat' dir='ltr'>super·</span> 
     </span>
    </p>

    <p class='ocr_par' dir='ltr' id='par_1_8' title="bbox 177 3216 1188 3620">
     <span class='ocr_line' id='line_1_22' title="bbox 177 3216 1184 3308; baseline -0.002 -22"><span class='ocrx_word' id='word_1_137' title='bbox 177 3247 190 3286; x_wconf 81' lang='lat' dir='ltr'>s</span> <span class='ocrx_word' id='word_1_138' title='bbox 220 3239 294 3282; x_wconf 87' lang='lat' dir='ltr'>esse</span> <span class='ocrx_word' id='word_1_139' title='bbox 322 3225 452 3304; x_wconf 90' lang='lat' dir='ltr'>tempus</span> <span class='ocrx_word' id='word_1_140' title='bbox 481 3219 674 3283; x_wconf 87' lang='lat' dir='ltr'>novissimis</span> <span class='ocrx_word' id='word_1_141' title='bbox 705 3216 897 3301; x_wconf 87' lang='lat' dir='ltr'>crederent,</span> <span class='ocrx_word' id='word_1_142' title='bbox 933 3216 1067 3302; x_wconf 86' lang='lat' dir='ltr'>gladio,</span> <span class='ocrx_word' id='word_1_143' title='bbox 1098 3241 1184 3308; x_wconf 86' lang='lat' dir='ltr'>quem</span> 
     </span>
     <span class='ocr_line' id='line_1_23' title="bbox 220 3317 1187 3407; baseline 0.004 -25"><span class='ocrx_word' id='word_1_144' title='bbox 220 3321 295 3384; x_wconf 92' lang='lat' dir='ltr'>sinu</span> <span class='ocrx_word' id='word_1_145' title='bbox 310 3317 501 3402; x_wconf 85' lang='lat' dir='ltr'>abdiderat,</span> <span class='ocrx_word' id='word_1_146' title='bbox 524 3320 687 3386; x_wconf 91' lang='lat' dir='ltr'>incubuit.</span> <span class='ocrx_word' id='word_1_147' title='bbox 711 3343 819 3407; x_wconf 88' lang='lat' dir='ltr'>neque</span> <span class='ocrx_word' id='word_1_148' title='bbox 836 3319 963 3387; x_wconf 85' lang='lat' dir='ltr'>Caesar</span> <span class='ocrx_word' id='word_1_149' title='bbox 985 3321 1064 3388; x_wconf 87' lang='lat' dir='ltr'>ullis</span> <span class='ocrx_word' id='word_1_150' title='bbox 1090 3324 1187 3388; x_wconf 91' lang='lat' dir='ltr'>crimi-</span> 
     </span>
     <span class='ocr_line' id='line_1_24' title="bbox 220 3420 1188 3508; baseline 0.008 -25"><span class='ocrx_word' id='word_1_151' title='bbox 220 3420 319 3484; x_wconf 84' lang='lat' dir='ltr'>nibus</span> <span class='ocrx_word' id='word_1_152' title='bbox 348 3431 407 3485; x_wconf 86' lang='lat' dir='ltr'>aut</span> <span class='ocrx_word' id='word_1_153' title='bbox 434 3422 567 3507; x_wconf 89' lang='lat' dir='ltr'>probris</span> <span class='ocrx_word' id='word_1_154' title='bbox 592 3422 786 3488; x_wconf 83' lang='lat' dir='ltr'>defunctum</span> <span class='ocrx_word' id='word_1_155' title='bbox 809 3425 997 3490; x_wconf 86' lang='lat' dir='ltr'>insectatus</span> <span class='ocrx_word' id='word_1_156' title='bbox 1021 3435 1092 3508; x_wconf 88' lang='lat' dir='ltr'>est,</span> <span class='ocrx_word' id='word_1_157' title='bbox 1126 3447 1188 3491; x_wconf 86' lang='lat' dir='ltr'>eun</span> 
     </span>
     <span class='ocr_line' id='line_1_25' title="bbox 222 3519 1015 3620; baseline 0.006 -36"><span class='ocrx_word' id='word_1_158' title='bbox 222 3521 255 3597; x_wconf 83' lang='lat' dir='ltr'>iu</span> <span class='ocrx_word' id='word_1_159' title='bbox 278 3519 436 3608; x_wconf 79' lang='lat' dir='ltr'>Blaesum</span> <span class='ocrx_word' id='word_1_160' title='bbox 461 3521 565 3592; x_wconf 83' lang='lat' dir='ltr'>multa</span> <span class='ocrx_word' id='word_1_161' title='bbox 588 3525 753 3620; x_wconf 87' lang='lat' dir='ltr'>foedaque</span> <span class='ocrx_word' id='word_1_162' title='bbox 777 3527 1015 3602; x_wconf 82' lang='lat' dir='ltr'>incusavisset.</span> 
     </span>
    </p>
   </div>
   <div class='ocr_carea' id='block_1_5' title="bbox 0 0 1254 4084">
    <p class='ocr_par' dir='ltr' id='par_1_9' title="bbox 0 0 1254 4084">
     <span class='ocr_line' id='line_1_26' title="bbox 0 0 1254 4084; baseline 0 0"><span class='ocrx_word' id='word_1_163' title='bbox 0 0 1254 4084; x_wconf 95' lang='lat' dir='ltr'> </span> 
     </span>
    </p>
   </div>
  </div>
 </body>
</html>
