2500 4084
245 286 290 337 AB
309 284 470 338 EXCESSU
488 284 648 338 AUGUSTI
668 285 714 336 IV.
738 286 849 336 69-72.
970 285 1032 350 207

46 480 255 567 nominatim
288 476 497 566 oonpellato3
536 499 644 564 noque
672 486 785 547 tamen
815 475 1035 567 dubitabatur

47 589 87 652 in
110 585 280 654 Neronem
303 592 338 651 ot
360 582 584 671 Agrippinam
607 582 749 650 intendi.

161 687 211 752 71.
234 688 278 754 Ni
305 686 387 756 mihi
418 685 624 754 destinatum
645 686 732 754 foret
762 709 856 754 suum
885 707 1037 772 quasque

51 794 89 858 in
112 814 241 858 annum
264 791 402 875 referre,
426 789 551 858 avebat
574 791 704 858 animus
721 791 831 856 antire
857 791 1038 876 statimque

51 918 244 962 memorare
264 896 387 978 exitus,
411 914 492 980 quos
509 893 667 960 Latinius
685 902 785 981 atque
803 893 927 979 Opsius
950 904 1038 960 eete-

52 1000 154 1085 rique
182 997 305 1081 flagitii
333 998 405 1064 eius
434 1005 623 1083 repertores
651 996 815 1076 habuere,
849 1019 917 1064 non
940 998 1038 1063 modo

52 1111 238 1189 postquam
261 1098 368 1168 Gaius
392 1098 519 1166 Caesar
541 1123 651 1166 rerum
673 1101 799 1187 potitus
823 1110 885 1190 est,
909 1101 968 1168 sed
991 1103 1039 1166 in·
1066 1116 1080 1156 ⁵

53 1205 182 1272 columi
205 1203 352 1286 Tiberio,
375 1206 431 1291 qui
456 1203 620 1270 seelerum
642 1205 815 1271 ministros
839 1214 876 1272 ut
891 1207 1040 1290 perverti

55 1309 100 1376 ab
127 1307 205 1376 aliis
228 1307 383 1392 nolebat,
404 1310 455 1374 ita
474 1309 668 1396 plerumque
692 1303 837 1377 satiatus
861 1317 894 1374 et
916 1308 1040 1376 oblatis

57 1417 91 1480 in
129 1412 272 1478 eandem
306 1434 439 1499 operam
474 1412 669 1480 recentibus
703 1419 836 1478 veteres
879 1423 914 1480 et
946 1435 1041 1499 prae·

57 1541 187 1605 graves
223 1517 373 1584 adflixit:
400 1540 517 1586 verum
544 1515 607 1582 bas
636 1527 737 1603 atque
772 1515 858 1582 alias
895 1517 1042 1582 sontium

56 1644 187 1710 poenas
210 1622 418 1707 intempore
441 1621 625 1689 trademus.
655 1630 726 1688 tum
749 1620 881 1687 censuit
903 1613 1042 1686 Asinius
1069 1635 1093 1674 ¹⁰

59 1725 195 1808 Gallus,
218 1725 313 1792 ouius
337 1723 517 1793 liberorum
540 1723 730 1810 Agrippina
752 1732 937 1790 matertera
960 1731 1044 1806 erat,

59 1827 245 1918 petendum
267 1851 289 1894 a
310 1829 463 1915 principe
470 1877 479 1912 ,
508 1838 546 1897 ut
568 1836 677 1898 metus
702 1848 780 1896 suos
804 1828 937 1894 senatui
960 1825 1043 1893 late·

60 1943 157 2001 retur
180 1931 394 2017 amoverique
417 1932 553 1998 sineret.
591 1916 719 1999 nullam
749 1953 854 2017 aequo
877 1929 1044 2012 Tiberius,

60 2046 97 2102 ut
115 2033 265 2118 rebatur,
282 2057 325 2100 ex
341 2034 523 2101 virtutibus
540 2035 609 2102 suis
626 2057 726 2122 quam
743 2032 1046 2100 dissimulationem

63 2138 249 2224 diligebat:
284 2161 324 2204 eo
359 2140 494 2223 aegrius
528 2140 661 2224 aeeepit
696 2136 827 2204 reoludi
857 2159 942 2224 quae
971 2158 1045 2222 pre·
1072 2153 1098 2192 u

61 2252 181 2312 meret.
217 2241 278 2309 sed
309 2243 481 2327 mitigavit
504 2241 663 2325 Seianus,
697 2264 765 2309 non
795 2239 888 2310 Galli
922 2263 1046 2325 amore,

62 2370 181 2414 verum
195 2356 233 2414 ut
249 2348 483 2414 cunctationes
498 2347 662 2432 principis
678 2346 895 2432 opperiretur,
920 2367 1047 2431 gnarus

63 2452 195 2542 lentum
228 2451 262 2516 in
297 2448 508 2532 meditando,
542 2448 601 2515 ubi
633 2449 856 2535 prorupisset,
891 2449 1046 2516 tristibus

67 2556 171 2625 dietis
195 2556 325 2622 atrocia
348 2553 443 2622 faeta
467 2553 683 2636 coniungere.

171 2659 235 2724 Per
264 2657 353 2724 idem
381 2667 511 2742 tempus
540 2654 628 2724 Iulia
651 2663 793 2724 mortem
823 2654 923 2737 obiit,
947 2677 1048 2741 quam
1075 2670 1101 2710 2⁰

66 2771 202 2850 neptem
225 2759 398 2846 Augustus
423 2761 615 2828 convictam
632 2757 792 2834 adulterii
817 2758 1049 2840 damnaverat,

66 2869 324 2954 proieceratque
347 2865 381 2928 in
411 2860 557 2930 insulam
579 2861 784 2943 Trimerum,
812 2861 905 2928 haud
932 2851 1050 2948 piooul

67 2969 190 3056 Apulis
213 2966 380 3038 litoribus,
425 2965 495 3034 illio
519 2967 644 3050 viginti
667 2966 765 3032 annis
790 2964 945 3034 exsilium
967 2965 1049 3035 tole·

68 3076 161 3142 ravit
184 3071 360 3157 Augustae
383 3093 445 3157 ope
468 3080 675 3154 sustentata,
698 3092 784 3156 quae
806 3070 961 3139 florentes
984 3070 1050 3155 pri-

69 3181 192 3264 vignos
215 3199 291 3244 oum
312 3198 373 3264 per
396 3175 563 3242 oecultum
594 3173 828 3257 subvertisset,
861 3173 1051 3241 miserieor-
1076 3188 1102 3226 ἢ

72 3282 165 3350 diam
190 3300 270 3364 erga
293 3279 448 3346 adflictos
471 3275 585 3366 palam
609 3275 816 3344 ostentabat.

176 3383 227 3450 72.
250 3382 381 3450 Eodem
403 3403 492 3450 anno
519 3381 635 3463 Frisii,
659 3377 926 3450 transrhenanus
949 3399 1051 3466 popu·

8 3475 9 3490 ¹
72 3491 142 3574 lus,
176 3510 294 3576 paoem
315 3508 455 3570 exuere,
489 3493 607 3552 nostra
636 3484 746 3568 magis
776 3482 923 3549 avaritia
953 3501 1053 3566 quam

8 3619 10 3672 l
73 3594 227 3679 obsequii
243 3575 456 3678 inpatientes.
474 3587 635 3656 tributum
653 3587 694 3650 iis
707 3586 838 3652 Drusus
856 3585 1049 3650 iniunxerat
