2530 4084
220 279 280 344 162
547 277 721 330 cosuunu
741 277 863 330 moin

317 468 348 535 5.
371 468 507 536 Italiam
531 481 673 556 utroque
695 472 781 537 mari
810 470 897 538 duae
925 471 1074 553 classes,
1103 469 1213 536 Mise-

215 597 294 640 num
310 572 401 661 apud
415 581 448 639 et
463 573 672 658 Ravennam,
687 575 941 664 proximumque
957 571 1102 640 Galliae
1129 572 1215 638 litus

216 685 386 744 rostratae
401 699 507 742 naves
522 677 774 764 praesidebant,
791 700 874 766 quas
890 677 1038 743 Actiaca
1055 678 1216 743 victoria

216 792 335 869 captas
359 779 533 865 Augustus
557 782 592 846 in
616 781 775 868 oppidum
795 781 1031 848 Foroiuliense
1057 782 1212 846 miserat

176 919 188 958 5
215 884 329 950 valido
354 906 429 950 cum
452 886 587 970 remige.
613 884 674 949 sed
688 887 905 971 praecipuum
928 884 1032 950 robur
1047 886 1214 952 Rhenum

215 990 323 1072 iuxta,
346 1009 521 1052 commune
536 988 572 1052 in
589 985 776 1052 Germanos
794 986 979 1074 Gallosque
995 987 1210 1069 subsidium,

215 1102 290 1157 octo
315 1091 467 1175 legiones
496 1101 602 1156 erant.
630 1091 818 1178 Hispaniae
840 1113 957 1157 recens
985 1091 1212 1177 perdomitae

214 1193 323 1260 tribus
338 1192 562 1261 habebantur.
586 1193 724 1260 Mauros
746 1193 831 1260 Iuba
854 1217 915 1259 rex
932 1206 1126 1281 acceperat
1153 1195 1211 1260 do-

214 1321 294 1364 num
314 1298 429 1386 populi
451 1298 605 1365 Romani.
643 1310 757 1366 cetera
780 1298 920 1365 Africae
947 1321 1006 1385 per
1041 1298 1136 1365 duas
1162 1299 1208 1364 le·

163 1436 189 1478 10
215 1403 332 1486 giones
355 1403 495 1488 parique
517 1424 654 1468 numero
670 1402 857 1489 Aegyptus,
883 1401 1005 1467 dehinc
1029 1404 1138 1470 initio
1165 1402 1208 1467 ab

215 1505 334 1571 Suriae
361 1527 466 1592 usque
494 1506 539 1572 ad
565 1506 686 1572 flumen
714 1505 928 1592 Euphraten,
959 1515 1134 1592 quantum
1158 1509 1206 1570 in-

214 1610 309 1693 genti
333 1618 497 1674 terrarum
527 1610 603 1674 sinu
625 1608 789 1691 ambitur,
818 1618 976 1694 quattuor
1004 1608 1208 1694 legionibus

214 1713 383 1796 coercita,
411 1711 538 1778 accolis
561 1712 689 1777 Hibero
713 1711 912 1799 Albanoque
941 1722 974 1778 et
997 1710 1080 1778 aliis
1114 1715 1206 1797 regi·

213 1812 288 1897 bus,
312 1816 367 1900 qui
382 1814 616 1900 magnitudine
638 1824 755 1880 nostra
771 1825 993 1902 protegrmtur
1015 1815 1207 1883 adversum
1256 1847 1257 1862 ¹

161 1953 187 1994 15
214 1926 355 1984 externa
384 1919 534 2004 imperia.
581 1927 614 1983 et
643 1917 845 1984 Thraeciam
866 1919 1132 1986 Rhoemetalces
1165 1945 1205 1986 ac

214 2019 312 2085 liberi
335 2019 463 2107 Cotyis,
486 2022 658 2108 ripamque
680 2020 831 2088 Danuvii
854 2020 1025 2106 legionum
1049 2023 1147 2092 duae
1171 2026 1204 2089 in

213 2123 399 2208 Pannonia,
424 2123 559 2190 ducein
575 2123 704 2189 Moesia
720 2123 924 2209 attinebant,
946 2124 1092 2192 totidem
1110 2127 1206 2216 apud
1255 2189 1256 2214 ,

213 2226 419 2293 Delmatiam
441 2226 578 2311 locatis,
610 2247 696 2313 quae
724 2229 837 2314 positu
865 2229 1012 2312 regionis
1042 2252 1064 2294 a
1100 2240 1203 2316 tergo

212 2330 296 2414 illis,
334 2351 374 2396 ac
413 2332 442 2394 si
478 2331 689 2417 repentinum
731 2329 894 2396 auxilium
939 2330 1042 2398 Italia
1081 2355 1206 2420 posce-

161 2469 187 2508 20
213 2444 275 2517 ret,
298 2431 390 2500 haud
417 2433 536 2522 procul
565 2435 770 2517 accirentur,
802 2455 1002 2521 quamquam
1031 2435 1205 2504 insideret

211 2537 329 2603 urbem
349 2539 504 2624 proprius
526 2537 632 2621 miles,
657 2547 726 2603 tres
749 2537 917 2622 urbanae,
945 2560 1067 2603 novem
1095 2562 1203 2626 prae·
1254 2537 1255 2610 l

212 2643 320 2707 toriae
335 2642 501 2726 cohortes,
524 2639 662 2707 Etruria
685 2642 788 2707 ferme
803 2640 1011 2728 Umbriaque
1035 2641 1200 2711 delectae
1254 2623 1255 2711 l

212 2755 272 2810 aut
300 2756 415 2811 vetere
442 2743 543 2811 Latio
573 2754 606 2809 et
634 2743 775 2810 coloniis
805 2745 991 2831 antiquitus
1021 2744 1204 2814 Romanis.

212 2858 248 2914 at
271 2847 362 2934 apud
386 2847 506 2914 idonea
522 2849 773 2934 provinciarum
796 2850 908 2914 sociae
925 2850 1079 2914 triremes
1104 2851 1202 2918 alae·

161 2982 186 3024 25
212 2974 276 3038 que
306 2962 339 3016 et
368 2950 496 3018 auxilia
525 2952 727 3036 cohortium,
760 2974 868 3038 neque
896 2951 999 3018 multo
1027 2973 1131 3020 secus
1166 2959 1199 3021 in

211 3056 252 3120 iis
275 3056 412 3121 virium:
436 3055 497 3121 sed
511 3055 667 3143 persequi
690 3056 856 3122 incertum
870 3055 944 3139 fuit,
972 3077 1049 3120 cum
1066 3078 1111 3120 ex
1138 3082 1202 3126 usu
1252 3125 1253 3138 ,

211 3159 370 3245 temporis
394 3158 459 3223 huc
483 3159 563 3224 illuc
587 3167 749 3242 mearent,
773 3157 957 3242 gliscerent
985 3181 1130 3226 numero
1162 3173 1197 3228 et

211 3261 395 3347 aliquando
419 3264 659 3328 minuerentur.

315 3363 345 3427 6.
381 3363 577 3448 Congruens
612 3364 813 3431 crediderim
847 3386 1021 3431 recensere
1056 3378 1197 3436 ceteras

214 3486 343 3552 quoque
366 3464 593 3552 reipublicae
616 3475 746 3553 partes,
775 3468 895 3553 quibus
919 3468 1027 3534 modis
1051 3469 1100 3536 ad
1123 3495 1199 3540 eam

216 3565 303 3629 diem
324 3565 463 3632 habitae
487 3568 570 3651 sint,
595 3569 750 3653 quoniam
773 3569 909 3636 Tiberio
931 3573 1055 3636 mutati
1079 3575 1113 3636 in
1142 3575 1195 3641 de·
