2530 4084
215 280 276 348 102
556 280 731 332 conanum
749 278 872 332 rncmr

315 470 366 538 73.
398 469 515 537 Funus
550 472 622 537 sine
656 469 859 555 imaginibus
896 479 928 536 et
966 492 1091 559 pompa
1141 493 1207 559 per

210 576 328 644 laudes
358 599 399 643 ac
428 576 620 642 memoriam
649 576 813 641 virtutum
846 576 916 641 eius
945 574 1079 652 celebre
1122 576 1207 642 fuit.

211 691 245 748 et
268 690 365 746 erant
395 681 451 766 qui
479 680 633 762 formam,
663 679 848 761 fortunam,
881 688 1046 764 aetatem,
1080 701 1206 764 genus

210 786 327 852 mortis
352 783 395 850 ob
417 786 703 871 propinquitatem
726 784 828 849 etiam
851 782 1016 867 locorum,
1046 784 1082 848 in
1124 784 1206 870 qui·

168 923 181 962 5
208 890 271 955 bus
302 889 451 971 interiit,
480 889 595 972 magni
618 886 809 953 Alexandri
832 886 913 952 fatis
944 886 1204 974 adaequarent.

208 1016 287 1060 nam
326 1001 501 1079 utrumque
541 1012 680 1077 corpore
715 989 852 1073 decoro,
887 1011 1009 1074 genere
1048 990 1205 1074 insigni,

207 1096 299 1163 haud
314 1095 454 1162 multum
475 1096 618 1179 triginta
642 1116 748 1160 annos
772 1115 953 1177 egressum,
977 1115 1118 1160 suorum
1146 1095 1205 1158 in·

209 1199 305 1265 sidiis
330 1207 489 1265 externas
513 1200 602 1264 inter
625 1208 744 1283 gentes
777 1197 961 1264 occidisse:
1005 1197 1068 1263 sed
1097 1198 1202 1264 hunc

207 1305 322 1371 mitem
356 1323 437 1387 erga
472 1304 615 1386 amicos,
649 1301 819 1368 modicum
854 1301 1082 1388 voluptatum,
1119 1326 1200 1368 uno

157 1440 181 1478 10
207 1408 420 1472 matrimonio
430 1455 439 1489 ,
474 1408 576 1474 certis
616 1405 732 1471 liberis
766 1407 892 1489 egisse,
931 1426 1040 1491 neque
1072 1409 1198 1472 minus

205 1510 458 1595 proeliatorem,
494 1511 597 1576 etiam
627 1511 657 1574 si
684 1511 857 1575 temeritas
888 1508 1009 1573 afuerit
1045 1532 1198 1598 praepe-

207 1612 363 1700 ditusque
386 1615 431 1680 sit
455 1612 629 1700 perculsas
653 1623 703 1679 tot
726 1614 879 1680 victoriis
897 1609 1100 1679 Germanias
1119 1637 1196 1680 ser·

205 1718 289 1782 vitio
312 1739 472 1803 premere.
496 1716 585 1804 quod
609 1719 639 1782 si
661 1715 751 1782 solus
776 1715 905 1783 arbiter
919 1738 1040 1800 rerum,
1064 1720 1098 1783 si
1114 1720 1196 1784 iure

207 1830 240 1885 et
262 1823 396 1887 nomine
419 1823 512 1905 regio
536 1822 672 1904 fuisset,
707 1828 803 1886 tanto
832 1823 1016 1907 promptius
1040 1820 1194 1889 adsecu-

154 1950 180 1991 ιτ)
206 1933 316 1989 turum
332 1925 475 2009 gloriam
489 1923 641 2007 militiae,
665 1933 827 2011 quantum
842 1921 1032 2009 clementia,
1057 1933 1195 2012 tempe·

205 2029 327 2110 rantia,
351 2029 473 2093 ceteris
496 2027 593 2094 bonis
616 2026 746 2093 artibus
775 2027 1012 2113 praestitisset.
1058 2051 1192 2116 corpus

205 2139 384 2217 antequam
408 2141 613 2197 cremaretur
634 2130 799 2196 nudatum
822 2131 856 2194 in
879 2131 950 2196 foro
973 2129 1192 2200 Antiochen-

205 2236 305 2318 sium,
336 2236 390 2320 qui
420 2234 515 2301 locus
546 2235 736 2321 sepulturae
766 2232 1017 2318 destinabatur,
1045 2247 1191 2321 praetu-

203 2337 324 2403 leritne
353 2338 507 2405 veneficii
537 2340 651 2423 signa,
681 2361 799 2425 parum
826 2340 996 2424 constitit3
1029 2362 1110 2406 nam
1143 2353 1190 2408 nt

152 2467 177 2506 so
205 2443 278 2530 quis
307 2441 541 2508 misericordia
571 2445 606 2508 in
635 2441 874 2511 Germanicum
903 2454 935 2510 et
962 2455 1190 2532 praesumpta

204 2547 394 2633 suspicione
417 2556 476 2613 aut
498 2547 613 2613 favore
636 2548 672 2613 in
694 2548 850 2615 Pisonem
871 2550 1016 2634 pronior,
1052 2548 1187 2616 diversi

203 2648 525 2737 interpretabantur.

306 2751 356 2818 74.
386 2750 623 2827 Consultatum
656 2753 734 2821 inde
769 2756 857 2820 inter
889 2755 1021 2840 legatos
1055 2759 1184 2845 quique

201 2854 261 2921 alii
285 2866 479 2922 senatorum
501 2855 661 2941 aderant,
692 2860 846 2945 quisnam
870 2857 987 2925 Suriae
1016 2861 1182 2946 praefice-

200 2969 302 3025 retur.
327 2970 359 3026 et
382 2963 505 3027 ceteris
528 2961 660 3028 modice
683 2964 785 3047 nisis,
816 2965 904 3030 inter
926 2964 1062 3030 Vibium
1084 2963 1179 3031 Mar·

202 3087 274 3129 sum
297 3074 330 3130 et
352 3063 413 3129 On.
438 3063 590 3132 Sentium
619 3065 676 3131 diu
704 3070 907 3153 quaesitum:
942 3067 1019 3134 dein
1041 3069 1178 3136 Marsus

161 3189 174 3229 s
201 3169 325 3234 seniori
349 3177 381 3233 et
405 3170 516 3235 acrius
541 3171 694 3236 tendenti
718 3169 833 3238 Sentio
856 3174 1035 3239 concessit.
1081 3174 1178 3260 isque

200 3272 358 3338 infamem
385 3274 557 3340 veneficiis
586 3297 626 3340 ea
657 3276 691 3340 in
723 3278 898 3363 provincia
928 3285 960 3341 et
988 3275 1177 3344 Plancinae

199 3396 374 3462 percaram
396 3379 529 3443 nomine
545 3377 728 3444 Martinam
751 3381 785 3444 in
807 3379 925 3446 urbem
937 3381 1039 3465 misit,
1061 3390 1175 3469 postu·

199 3475 350 3544 lantibus
379 3479 517 3546 Vitellio
548 3503 588 3548 ac
611 3480 760 3548 Veranio
789 3484 992 3569 ceterisque,
1023 3486 1082 3570 qui
1110 3487 1174 3551 cri·
