2552 4084
205 286 247 353 88
535 285 709 336 CORNELII
728 285 851 336 ΤΑΟῙΤῙ

206 478 331 544 crimen
356 475 519 561 distingui
541 472 669 542 Caesar
689 474 875 562 postulavit
898 475 1134 564 damnarique,
1161 481 1192 544 si

206 604 271 668 qua
301 581 342 648 de
370 579 746 665 Augustoinreligiose
775 580 933 646 dixissets
968 582 1003 646 in
1032 604 1068 648 se
1092 583 1193 649 iacta

205 686 295 753 nolle
318 686 363 753 ad
386 687 614 769 cognitionem
637 686 762 750 vocari.
807 687 1035 770 interrogatus
1060 709 1082 752 a
1107 709 1192 752 con·

154 813 179 857 ιο
207 790 289 875 sule,
312 790 393 879 quid
417 789 457 856 de
481 791 522 854 iis
547 799 709 874 censeret,
734 813 819 876 quae
844 789 884 854 de
907 799 1015 856 matre
1039 792 1115 856 eius
1141 789 1192 856 lo·

206 904 285 962 outa
309 917 405 960 secus
430 902 637 978 argueretur,
661 895 811 976 reticuit,
847 892 922 958 dein
951 895 1107 980 proximo
1139 917 1193 960 se·

205 1008 306 1065 natus
324 998 377 1064 die
400 998 489 1064 illius
509 1018 639 1085 quoque
654 998 786 1063 nomine
804 999 923 1082 oravit,
946 1020 988 1063 ne
1005 999 1061 1063 cui
1080 997 1192 1064 verba

205 1107 240 1170 in
264 1127 338 1170 eam
361 1125 490 1191 quoquo
514 1101 611 1168 modo
627 1099 745 1168 habita
769 1101 901 1166 crimini
916 1101 1037 1166 forent.
1060 1101 1192 1168 libera·

204 1209 319 1294 vitque
349 1206 547 1294 Appuleiam
575 1205 650 1290 lege
677 1206 882 1272 maiestatis:
917 1204 1078 1270 adulterii
1109 1226 1191 1290 gra·

153 1331 178 1373 1⁶
204 1313 331 1377 viorem
352 1332 495 1398 poenam
524 1309 740 1396 deprecatus,
772 1319 810 1375 ut
838 1309 990 1396 exemplo
1017 1309 1190 1375 maiorum

204 1417 397 1505 propinquis
432 1417 501 1480 suis
531 1414 620 1480 ultra
656 1413 919 1479 ducentesimum
951 1410 1101 1498 lapidem
1135 1437 1189 1479 re-

204 1530 395 1587 moveretur
429 1521 545 1585 suasit.
591 1517 744 1584 adultero
775 1515 903 1581 Manlio
937 1515 1040 1581 ltalia
1080 1525 1188 1602 atque

204 1623 321 1690 Africa
345 1622 562 1690 interdictum
584 1632 645 1688 est.

306 1725 359 1792 51.
374 1725 428 1792 De
442 1736 596 1813 praetore
613 1727 647 1791 in
663 1724 774 1791 locum
788 1723 945 1810 Vipstani
963 1719 1065 1806 Galli,
1082 1743 1184 1810 quem

203 1851 292 1896 mors
306 1828 503 1915 abstulerat,
520 1827 734 1913 subrogando
748 1837 917 1894 certamen
933 1827 1081 1892 incessit.
1100 1825 1184 1892 Ger-

203 1934 355 1998 manicus
390 1943 490 2019 atque
525 1932 655 1998 Drusus
691 1932 781 2013 (nam
814 1931 917 1995 etiam
949 1939 1020 1995 tum
1052 1929 1181 1997 Romae

204 2035 314 2118 erant)
337 2037 515 2102 Haterium
537 2035 722 2122 Agrippam
743 2035 963 2120 propinquum
986 2031 1181 2100 Germanici

127 2132 129 2136 ’
165 2161 178 2202 s
203 2139 379 2207 fovebant:
409 2149 528 2206 contra
550 2138 699 2226 plerique
722 2138 930 2219 nitebantur,
958 2146 996 2202 ut
1024 2159 1180 2203 numerus

203 2243 384 2309 liberorum
416 2245 452 2307 in
487 2242 680 2308 candidatis
720 2241 958 2330 praepolleret,
998 2239 1086 2325 quod
1124 2239 1181 2306 lex

203 2346 352 2412 iubebat.
376 2344 569 2411 laetabatur
591 2345 761 2429 Tiberius,
785 2367 860 2410 cum
883 2345 971 2409 inter
997 2343 1084 2409 filios
1109 2345 1178 2409 eius

203 2459 237 2516 et
259 2449 351 2534 leges
376 2459 513 2515 senatus
538 2448 753 2536 disceptaret.
786 2450 879 2514 victa
903 2457 954 2512 est
983 2449 1054 2512 sine
1078 2446 1178 2512 dubio

203 2553 269 2638 lex,
294 2551 354 2618 sed
387 2575 494 2638 neque
529 2553 645 2618 statim
673 2560 707 2616 et
740 2553 856 2638 paucis
892 2550 1077 2634 suffragiis,
1112 2572 1174 2637 quo

151 2679 177 2718 ro
202 2655 300 2723 modo
325 2658 437 2740 etiam,
461 2679 537 2721 cum
557 2653 720 2737 valerent,
745 2654 837 2738 leges
860 2652 1094 2719 vincebantur.

277 2755 279 2764 ’
306 2757 357 2825 52.
386 2758 516 2824 Eodem
543 2779 632 2824 anno
661 2765 814 2843 coeptum
841 2759 876 2822 in
899 2756 1016 2822 Africa
1044 2754 1175 2841 bellum,

205 2863 289 2929 duce
311 2863 456 2928 hostium
481 2862 709 2928 Tacfarinate.
744 2862 772 2926 is
801 2863 938 2926 natione
960 2860 1120 2945 Numida,
1141 2862 1175 2926 in

202 2968 324 3033 castris
347 2966 505 3032 Romanis
530 2964 712 3031 auxiliaria
735 2964 903 3051 stipendia
925 2965 1175 3048 meritus,ch

206 3070 372 3156 desertor,
400 3090 507 3153 vagos
535 3070 677 3155 primum
710 3076 744 3134 et
772 3067 960 3134 latrociniis
994 3076 1105 3133 suetos
1132 3067 1174 3133 ad

164 3195 177 3237 s
203 3173 364 3262 praedam
387 3182 420 3239 et
442 3184 557 3260 raptus
581 3192 800 3256 congregare,
826 3171 903 3237 dein
925 3192 1016 3236 more
1038 3170 1172 3237 militiae

202 3301 261 3366 per
275 3275 403 3344 vexilla
427 3285 461 3342 et
484 3286 610 3342 turmas
626 3297 834 3362 componere,
857 3284 1024 3363 postremo
1041 3297 1107 3341 non
1127 3277 1172 3340 in·

203 3380 362 3446 conditae
396 3378 525 3462 turbae,
560 3379 622 3446 sed
643 3379 919 3445 Musulamiorum
948 3378 1019 3444 dux
1052 3377 1171 3446 haberi.

203 3482 318 3548 valida
342 3505 382 3547 ea
406 3501 487 3565 gens
513 3491 547 3546 et
568 3481 806 3548 solitudinibus
826 3482 962 3548 Africae
984 3483 1170 3568 propinqua,

202 3584 294 3649 nullo
318 3585 421 3650 etiam
443 3592 513 3649 tum
535 3584 666 3650 urbium
682 3584 784 3668 cultu,
808 3588 1014 3673 cepit—arma
1029 3584 1169 3650 Mauros·
