2500 4084
214 308 279 375 218
545 306 719 359 CORNELII
737 307 859 359 TAGITI

163 517 187 558 15
215 497 331 565 urbem
347 507 486 584 peteret.
509 498 666 564 Tiberius
690 507 814 581 tamen,
837 496 986 563 ludibria
1003 499 1099 563 seriis
1116 519 1196 583 per·
1231 583 1232 586 Ἴ

213 603 354 668 miscere
379 601 512 685 solitus,
537 603 607 686 egit
630 604 738 687 gratis
762 601 1019 668 benevolentiae
1041 611 1198 687 patrum:
1231 647 1232 692 ,

214 704 273 771 sed
296 727 378 791 quos
403 706 513 772 omitti
536 728 644 792 posse,
669 729 751 794 quos
769 705 898 790 deligi?
922 727 1096 792 semperne
1118 727 1197 770 eos·
1231 703 1232 772 ζ

214 808 289 874 dem
312 831 356 873 an
379 809 522 875 subinde
546 807 654 874 alios?
678 819 710 874 et
732 808 913 874 honoribus
929 809 1123 894 perfunctos
1150 832 1195 873 an
1231 841 1232 870 i

212 913 361 997 iuvenes,
383 914 534 998 privatos
557 935 601 977 an
617 935 635 977 e
650 912 931 996 magistratibus?
953 935 1055 999 quam
1071 912 1196 978 deinde

161 1038 187 1078 ao
214 1017 360 1102 speciem
381 1018 451 1081 fore
475 1017 674 1083 sumentium
698 1018 732 1080 in
755 1015 871 1080 limine
893 1017 1007 1081 curiae
1037 1014 1196 1100 gladios?
1231 1047 1232 1120 p

212 1141 319 1205 neque
350 1119 414 1185 sibi
437 1121 543 1185 vitam
576 1121 680 1203 tanti,
716 1120 744 1183 si
777 1121 879 1185 armis
914 1118 1063 1202 tegenda
1095 1121 1193 1184 foret.

212 1224 296 1289 haec
320 1222 483 1289 adversus
500 1223 687 1306 Togonium
702 1221 816 1288 verbis
839 1221 1029 1305 moderans,
1053 1222 1193 1308 nequid
1231 1247 1232 1260 ¹

213 1325 302 1392 ultra
326 1325 546 1392 abolitionem
569 1327 758 1391 sententiae
781 1325 948 1390 suaderet.
1231 1327 1232 1332 ’

317 1429 348 1493 3.
371 1428 418 1495 At
445 1429 577 1494 Iunium
607 1427 815 1514 Gallionem,
844 1431 901 1515 qui
930 1438 1124 1511 censuerat,
1155 1439 1191 1494 ut

212 1534 421 1619 praetoriani
455 1534 543 1598 actis
586 1531 765 1618 stipendiis
802 1535 853 1598 ius
887 1533 1122 1618 apiscerentur
1158 1536 1191 1597 in
1231 1519 1232 1522 ¹

213 1636 482 1723 quattuordecim
507 1636 680 1702 ordinibus
706 1635 864 1718 sedendi,
894 1636 1061 1702 violenter
1085 1639 1189 1702 incre·
1231 1659 1232 1702 i

211 1741 295 1826 puit,
317 1738 410 1804 velut
434 1761 549 1805 coram
565 1741 729 1824 rogitans,
753 1739 834 1825 quid
857 1738 907 1804 illi
923 1761 1000 1804 cum
1016 1739 1190 1820 militibus,

175 1864 188 1904 ⁵
214 1865 296 1929 quos
320 1864 428 1929 neque
452 1842 543 1909 dicta
559 1864 667 1929 neque
682 1844 832 1928 praemia
847 1844 913 1907 nisi
929 1841 972 1908 ab
990 1845 1189 1930 imperatore

213 1947 368 2033 accipere
390 1969 452 2034 par
476 1955 576 2012 esset.
608 1948 796 2032 repperisse
819 1968 955 2031 prorsus
979 1947 1070 2034 quod
1094 1947 1189 2012 divus
1231 1951 1232 1970 ¹

212 2049 385 2133 Augustus
408 2073 476 2115 non
499 2050 701 2136 providerit:
726 2073 768 2116 an
791 2049 904 2135 potius
929 2049 1137 2117 discordiam
1159 2061 1188 2113 et

214 2153 414 2219 seditionem
436 2176 457 2218 a
481 2153 629 2220 satellite
645 2152 760 2218 Seiani
784 2155 984 2239 quaesitam,
1009 2176 1076 2239 qua
1093 2154 1188 2220 rudes

214 2258 343 2322 animos
367 2258 500 2322 nomine
522 2257 657 2322 honoris
682 2255 726 2320 ad
750 2255 1027 2342 corrumpendum
1051 2257 1187 2322 militiae

162 2383 187 2421 ιο
213 2381 337 2426 morem
359 2359 584 2446 propelleret?
608 2360 669 2425 hoc
699 2361 842 2445 pretium
866 2358 979 2425 Gallio
1008 2360 1188 2427 meditatae

213 2463 420 2530 adulationis
452 2464 546 2549 tulit,
577 2465 692 2530 statim
715 2465 826 2545 curia,
859 2462 981 2528 deinde
1003 2463 1108 2530 Italia
1137 2487 1182 2528 ex·

214 2575 328 2649 actus,
352 2578 386 2633 et
409 2569 487 2655 quia
511 2565 732 2633 incusabatur
754 2565 855 2631 facile
878 2566 1083 2632 toleraturus
1108 2567 1186 2633 exsi-

214 2671 295 2736 lium
319 2670 452 2736 delecta
475 2670 604 2754 Lesbo,
628 2669 738 2735 insula
767 2669 873 2735 nobili
904 2679 936 2734 et
961 2691 1121 2756 amoena,
1143 2693 1185 2736 rc·

214 2773 359 2840 trahitur
383 2776 417 2839 in
433 2773 549 2840 urbem
571 2773 825 2860 custoditurque
843 2773 996 2839 domibus
1012 2778 1186 2860 magistra·

162 2899 187 2938 rs
214 2888 316 2943 tuum.
354 2877 461 2944 isdem
490 2877 613 2944 litteris
637 2876 765 2943 Caesar
789 2876 940 2942 Sextium
963 2877 1185 2944 Paconianum

212 2983 417 3067 praetorium
445 2979 591 3066 perculit
614 3001 736 3065 magno
759 2989 894 3066 patrum
917 2980 1058 3064 gaudio,
1089 2981 1184 3046 auda-

214 3107 295 3167 cem,
318 3083 522 3168 maleficum,
552 3086 697 3149 omnium
720 3092 853 3149 secreta
882 3085 1060 3149 rimantem
1084 3084 1183 3150 delec-

215 3198 349 3274 tumque
372 3186 416 3252 ab
440 3186 580 3271 Seiano,
610 3188 704 3252 cuius
732 3208 793 3272 ope
823 3186 918 3252 dolus
942 3184 1028 3252 Gaio
1053 3185 1182 3254 Caesari

214 3303 399 3380 pararetur.
445 3292 533 3379 quod
556 3301 734 3379 postquam
756 3291 983 3376 patefactum,
1011 3309 1183 3378 prorupere

163 3416 188 3455 ao
216 3405 378 3482 concepta
401 3395 530 3481 pridem
554 3394 643 3477 odia,
667 3404 701 3460 et
725 3415 889 3460 summum
914 3394 1114 3481 supplicium
1137 3393 1180 3459 de·
1231 3431 1232 3436 κ

215 3500 426 3582 cernebatur,
450 3502 484 3564 ni
508 3501 677 3585 professus
702 3498 866 3564 indicium
888 3499 986 3563 foret.
