2530 4084
226 312 288 378 100
551 309 726 364 conunnn
744 311 867 361 rscrrr

223 504 376 570 lumitate
393 504 621 586 solvebantur,
646 502 801 568 admotas
817 501 958 586 hostias,
976 498 1212 566 sacrificalem

222 617 433 693 apparatum,
456 607 579 673 festam
601 605 881 672 Antiochensium
901 604 1037 690 plebem
1058 626 1126 690 per
1152 603 1213 667 lic·

171 739 197 783 10
222 719 312 776 tores
333 709 526 796 proturbat.
556 721 626 776 tum
650 707 839 774 Seleuciam
862 706 1072 791 degreditur,
1106 729 1213 793 oppe-

222 815 313 878 riens
336 813 595 897 aegritudinem,
619 834 705 900 quae
727 834 859 877 rursum
884 809 1089 876 Germanico
1115 811 1212 874 acci·

223 916 330 982 derat.
355 939 492 982 saevam
509 919 577 982 vim
600 915 707 982 morbi
723 914 871 1000 augebat
886 915 1061 1000 persuasio
1080 915 1212 978 veneni

222 1043 243 1084 a
265 1021 387 1085 Pisone
411 1022 562 1106 accepti3
591 1030 623 1085 et
652 1018 909 1106 reperiebantur
932 1017 1002 1082 solo
1027 1040 1066 1082 ac
1093 1019 1212 1103 parie-

221 1124 311 1190 tibus
337 1135 458 1191 erutae·
476 1124 698 1190 humanorum
721 1146 895 1210 corporum
922 1123 1105 1210 reliquiae,
1129 1143 1210 1187 car·

171 1257 195 1297 rs
220 1229 311 1292 mina
336 1238 369 1292 et
393 1227 588 1292 devotiones
614 1236 646 1291 et
669 1249 789 1291 nomen
814 1223 1008 1291 Germanici
1031 1224 1208 1311 plumbeis

164 1373 167 1382 ·
221 1330 346 1396 tabulis
370 1331 591 1416 insculptum,
616 1331 754 1395 semusti
778 1332 908 1396 cine-res
932 1351 972 1394 ac
997 1328 1077 1394 tabo
1105 1327 1211 1393 obliti

221 1433 356 1518 aliaque
378 1432 551 1516 malefica,
581 1435 655 1519 quis
679 1433 828 1498 creditur
851 1434 981 1497 animas
1004 1430 1208 1496 numinibus

221 1536 361 1601 infernis
386 1538 525 1602 sacrari.
550 1536 648 1602 simul
677 1536 771 1602 missi
800 1558 821 1599 a
843 1537 965 1601 Pisone
994 1535 1208 1601 incusaban-

221 1650 277 1705 tur
299 1650 336 1704 ut
359 1639 567 1705 valetudinis
590 1639 736 1705 adversa
760 1641 932 1706 rimantes.

323 1741 373 1806 70.
397 1742 449 1806 Ea
467 1740 669 1808 Germanico
693 1741 785 1806 haud
807 1743 916 1807 minus
939 1743 991 1807 ira
1015 1764 1118 1828 quam
1140 1765 1208 1828 per

219 1857 344 1911 metum
366 1855 519 1932 accepta.
544 1847 573 1910 si
596 1844 698 1910 limen
722 1844 943 1928 obsideretur,
974 1848 1003 1910 si
1026 1845 1206 1911 effunden-

221 1949 282 2015 dus
318 1951 455 2035 spiritus
491 1949 552 2014 sub
587 1948 692 2014 oculis
727 1951 939 2015 inimicorum
971 1951 1074 2033 foret,
1118 1949 1206 2036 qnid

220 2053 342 2118 deinde
363 2055 571 2118 miserrimae
595 2055 741 2138 coniugi,
766 2054 846 2140 quid
868 2053 1054 2120 infantibus
1078 2052 1203 2118 liberis
1259 2071 1260 2094 l

179 2187 192 2227 5
219 2157 440 2223 eventurum?
479 2156 572 2222 lenta
606 2157 715 2223 videri
749 2157 930 2222 veneficia:
965 2157 1130 2222 festinare
1168 2166 1202 2222 et

217 2281 348 2344 urgere,
364 2269 400 2325 ut
416 2263 634 2347 provinciam,
650 2271 687 2325 ut
704 2261 852 2344 legiones
870 2259 960 2326 solus
977 2259 1114 2326 habeat.
1140 2260 1204 2324 sed

218 2384 284 2428 non
301 2385 406 2450 usque
422 2386 460 2429 eo
478 2362 644 2430 defectum
660 2361 907 2445 Germanicum,
922 2385 1029 2449 neque
1044 2365 1202 2450 praemia
1258 2437 1259 2456 ἦ

218 2468 333 2534 caedis
347 2466 437 2553 apud
448 2468 697 2532 interfectorem
710 2489 877 2532 mansura.
890 2469 1059 2553 componit
1072 2469 1201 2554 epistu-

217 2571 278 2654 las,
303 2572 377 2656 quis
393 2573 579 2636 amicitiam
595 2573 624 2635 ei
638 2571 877 2636 renuntiabat:
901 2570 1029 2636 addunt
1045 2570 1201 2659 plerique

166 2705 191 2743 10
217 2677 344 2740 iussum
359 2677 536 2761 provincia
561 2675 734 2740 decedere.
758 2697 819 2740 nec
834 2675 912 2740 Piso
935 2685 1087 2750 moratus
1105 2674 1199 2740 ultra

216 2781 314 2844 navis
340 2778 458 2863 solvit,
481 2779 786 2866 moderabaturque
811 2782 937 2863 cursui,
969 2801 1033 2866 quo
1056 2783 1197 2866 propius

216 2883 462 2967 regrederetur,
480 2884 509 2948 si
527 2906 615 2951 mors
633 2882 827 2950 Germanioi
840 2882 974 2950 Suriam
995 2885 1196 2970 aperuisset.
1257 2881 1258 2916 ³

320 2988 370 3052 71.
394 2986 524 3055 Caesar
551 2988 723 3076 paulisper
752 2989 797 3054 ad
820 3011 912 3076 spem
935 2998 1085 3072 erectus,
1116 2987 1196 3052 dein

215 3092 304 3156 fesso
328 3113 477 3178 corpore,
500 3092 558 3158 ubi
580 3093 657 3158 finis
680 3091 811 3176 aderat,
834 3092 1040 3158 adsistentes
1065 3094 1195 3158 amicos

215 3198 250 3260 in
274 3196 361 3261 hunc
384 3196 518 3262 modum
542 3195 754 3282 adloquitur:
794 3194 837 3262 ‘si
861 3198 932 3262 fato
963 3196 1193 3279 concederem,
1256 3251 1257 3268 ,

215 3301 322 3364 iustus
346 3299 427 3364 mibi
452 3298 547 3364 dolor
570 3301 672 3364 etiam
688 3299 852 3365 adversus
877 3299 957 3365 deos
982 3309 1082 3381 esset,
1104 3299 1194 3386 quod

175 3428 188 3470 c
214 3425 267 3466 me
289 3402 485 3487 parentibus
508 3399 624 3467 liberis
640 3404 773 3488 patriae
796 3404 886 3468 intra
910 3404 1083 3468 iuventam
1097 3425 1191 3490 prae-

214 3513 345 3570 maturo
381 3505 476 3570 exitu
508 3513 683 3591 raperent:
717 3528 806 3570 nuuc
839 3505 966 3570 scelere
994 3505 1128 3573 Pisonis
1158 3517 1190 3573 et

214 3606 399 3672 Plancinae
434 3608 644 3693 interceptus
677 3607 813 3674 ultimas
846 3631 962 3696 preces
996 3610 1189 3695 pectoribus
1255 3661 1256 3696 3
