2500 4084
258 312 302 362 An
322 310 487 364 Excusso
505 310 662 362 AUGUSTI
680 310 725 359 IV.
745 310 855 360 59-62.
978 306 1038 372 201

59 503 291 591 eloquentiae,
326 502 436 590 quoad
458 503 562 585 vixit,
596 500 804 567 celebratae:
838 500 1042 564 monimenta

60 607 179 692 ingeni
209 608 279 672 eius
303 606 394 672 haud
416 605 556 693 perinde
579 607 777 672 retinentur.
824 601 954 668 scilicet
982 603 1041 666 im·
1068 625 1081 665 ⁵

59 719 142 795 petu
164 711 274 795 magis
291 733 391 798 quam
413 727 495 777 cura
510 707 669 794 vigebat3
692 718 795 794 utque
812 704 956 773 aliorum
973 727 1040 770 me·

60 813 185 880 ditatio
217 822 249 879 et
273 813 370 880 labor
393 815 427 878 in
450 823 621 900 posterum
644 811 805 895 valescit,
835 811 883 876 sic
908 809 1039 874 Haterii

60 937 225 983 canorum
247 917 331 983 illud
354 925 387 982 et
401 917 568 1003 profluens
584 938 659 982 cum
683 916 754 1002 ipso
773 913 869 980 simul
893 913 1040 978 exstinc-

58 1029 132 1087 tum
157 1030 218 1086 est.

166 1123 218 1189 62.
241 1123 286 1190 M.
315 1124 449 1189 Licinio
482 1123 524 1188 L.
547 1122 730 1210 Calpurnio
766 1120 961 1188 consulibus
992 1121 1041 1185 in·

60 1229 217 1311 gentium
245 1227 409 1294 bellorum
431 1226 564 1295 cladem
587 1228 747 1316 aequavit
775 1225 900 1292 malum
931 1227 1041 1311 inpro-

59 1333 190 1398 visum:
220 1332 290 1397 eius
322 1333 455 1398 initium
487 1330 584 1398 simul
615 1340 647 1395 et
675 1331 752 1397 finis
777 1331 919 1396 exstitit.
964 1348 1044 1394 nam

59 1444 182 1522 coepto
204 1435 294 1522 apud
309 1435 476 1502 Fidenam
492 1434 740 1522 amphitheatro
757 1433 882 1500 Atilius
906 1431 1045 1520 qnidam

59 1538 214 1604 libertini
252 1541 402 1624 generis,
441 1561 505 1625 quo
545 1539 774 1626 spectaculum
813 1536 1041 1622 gladiatorum
1068 1562 1081 1602 e

63 1642 272 1725 celebraret,
296 1665 403 1730 neque
426 1643 648 1710 fundamenta
670 1665 729 1728 per
758 1641 903 1710 solidum
927 1638 1039 1706 subdi-

60 1747 122 1830 dit,
146 1768 254 1833 neque
269 1747 374 1812 firmis
390 1746 535 1812 nexibus
551 1745 699 1831 ligneam
715 1767 911 1833 compagem
929 1766 1040 1831 super·

59 1850 199 1932 struxit,
222 1859 259 1916 ut
275 1851 330 1936 qui
353 1871 420 1917 non
443 1850 655 1917 abundantia
670 1852 833 1938 pecuniae
856 1870 919 1916 neo
935 1850 1041 1915 muni·

61 1951 166 2040 cipali
196 1952 397 2038 ambitione,
432 1953 492 2020 sed
520 1955 556 2020 in
587 1953 759 2021 sordidam
788 1952 976 2020 mercedem
1006 1951 1041 2016 id

61 2058 235 2140 negotium
258 2059 493 2145 quaesivisset.
517 2056 690 2127 adfluxere
713 2058 806 2123 avidi
828 2056 958 2139 talium,
981 2057 1041 2120 im·
1070 2081 1095 2118 ro

61 2161 232 2246 peritante
249 2160 385 2226 Tiberio
407 2161 524 2248 procul
548 2159 780 2248 voluptatibus
804 2159 922 2243 habiti,
944 2158 1043 2224 virile

61 2287 102 2330 ac
118 2263 282 2329 muliebre
304 2287 414 2348 secus,
438 2266 544 2330 omnis
569 2275 676 2350 aetas,
701 2264 743 2332 ob
758 2266 1042 2351 propinquitatem

61 2367 129 2432 loci
165 2367 316 2452 affinius,
349 2368 439 2434 unde
472 2370 611 2454 gravior
644 2371 749 2456 pestis
782 2369 856 2452 fuit,
891 2367 1043 2432 conferta

61 2470 161 2555 mole,
185 2470 262 2536 dein
287 2471 467 2555 convulsa,
498 2471 575 2538 dum
598 2474 666 2538 ruit
690 2474 779 2540 intus
809 2481 866 2538 aut
890 2472 925 2536 in
949 2480 1041 2536 exte·

61 2576 151 2639 riora
201 2573 382 2639 effunditur
428 2577 679 2662 inmensamque
725 2577 794 2640 vim
837 2573 1038 2657 mortalium,
1068 2595 1092 2636 rr

64 2676 258 2763 spectaculo
303 2679 450 2745 intentos
484 2687 544 2744 aut
587 2681 642 2764 qui
680 2680 807 2744 circum
845 2676 1040 2759 adstabant,

60 2803 221 2874 praeceps
246 2781 351 2847 trahit
374 2790 475 2869 atque
499 2783 616 2869 operit.
662 2791 694 2847 et
718 2781 767 2846 illi
791 2781 935 2868 quidem,
958 2803 1042 2868 quos

60 2886 261 2971 principium
292 2887 419 2969 stragis
449 2888 482 2950 in
516 2896 658 2951 mortem
688 2884 886 2968 adflixerat,
919 2893 957 2950 ut
980 2884 1042 2949 tali

61 2998 166 3071 sorte,
197 2988 384 3054 cruciatum
407 2987 569 3073 effugere:
602 2988 786 3054 miserandi
814 2990 923 3074 magis
957 3011 1040 3075 quos

60 3091 205 3176 abrupta
238 3102 334 3178 parte
368 3093 517 3177 corporis
546 3092 694 3158 nondum
723 3093 796 3158 vita
827 3092 1039 3177 deseruerat3
1067 3112 1093 3151 ro

61 3196 116 3280 qui
145 3216 204 3279 per
234 3193 321 3259 diem
344 3196 436 3279 visu,
472 3204 686 3280 pernoctem
708 3194 894 3261 ululatibus
919 3205 952 3260 et
985 3216 1041 3279 ge-

62 3299 145 3362 mitu
168 3298 328 3381 coniuges
359 3307 417 3363 aut
446 3296 572 3363 liberos
602 3297 801 3364 noscebant.
848 3300 914 3367 iam
937 3301 1040 3364 ceteri

62 3401 151 3466 sama
176 3400 296 3483 exciti,
331 3401 386 3466 hio
409 3400 568 3485 fratrem,
602 3403 822 3488 propinquum
845 3400 919 3485 ille,
953 3401 1040 3470 alius

61 3513 216 3591 parentes
232 3503 423 3570 lamentari.
448 3507 551 3571 etiam
567 3526 706 3591 quorum
727 3504 863 3570 diversa
880 3504 921 3570 de
937 3525 1041 3572 causa

61 3609 160 3674 amici
185 3617 244 3673 aut
267 3608 453 3675 necessarii
477 3607 637 3692 aberant,
668 3629 793 3694 pavere
816 3617 947 3693 tamen3
983 3631 1039 3675 ne·
1067 3625 1093 3668 ae
