2530 4084
276 327 322 380 AB
340 325 502 380 Excussi]
521 325 679 378 AUGUSTI
697 326 747 376 111.
768 327 842 378 1-5.
984 324 1045 389 113

58 520 206 603 debant,
230 519 423 602 cohibitam,
446 529 483 584 ut
504 541 566 604 par
587 539 720 583 maeror
742 526 776 581 et
798 518 917 582 matris
935 539 1045 582 exem-

58 624 120 710 plo
145 625 227 688 avia
251 643 381 708 quoque
404 631 437 687 et
459 632 600 709 patruus
624 624 762 689 attineri
785 622 990 687 viderentur.

170 725 200 790 4.
224 727 317 810 Dies,
341 749 404 812 quo
427 726 592 812 reliquiae
614 726 741 792 tumulo
757 725 904 810 Augusti
926 724 1046 788 infere-

62 832 207 913 bantur,
229 830 328 896 modo
350 854 411 917 per
435 830 605 896 silentium
630 839 762 912 vastus,
786 829 885 894 modo
907 827 1045 914 plorati-

63 936 132 1001 bus
156 937 306 1022 inquies3
338 935 440 1021 plena
462 935 556 1000 urbis
581 937 718 1016 itinera,
742 933 958 999 conlucentes
986 956 1046 1018 per

61 1061 225 1124 campum
246 1037 367 1103 Martis
391 1039 494 1104 faces.
518 1037 589 1103 illic
611 1037 707 1103 miles
732 1059 808 1102 cum
830 1039 949 1119 armis,
975 1039 1046 1102 sine

62 1140 259 1226 insignibus
283 1142 520 1225 magistratus,
549 1141 691 1227 populus
720 1139 910 1230 partribus
934 1141 1045 1205 conci·
1074 1173 1086 1212 5

65 1245 162 1311 disse
185 1244 464 1330 rempublicam,
492 1244 576 1310 nihil
606 1246 676 1331 spei
704 1243 869 1330 reliquum
893 1244 1046 1310 clamita·

63 1349 163 1431 bant,
186 1350 370 1434 promptius
395 1350 630 1434 apertiusque,
660 1369 760 1434 quam
789 1357 825 1412 ut
853 1350 1047 1414 meminisse

65 1453 335 1539 imperitantium
358 1452 524 1518 crederes.
548 1451 632 1519 nihil
656 1462 768 1518 tamen
783 1451 955 1517 Tiberium
977 1475 1046 1516 ma-

66 1558 121 1640 gis
151 1557 345 1641 penetravit
374 1577 474 1642 quam
503 1556 616 1621 studia
640 1555 809 1620 hominum
838 1577 983 1620 accensa
1012 1557 1047 1620 in

66 1658 308 1744 Agrippinam,
343 1681 418 1724 cum
448 1660 550 1724 decus
584 1661 733 1744 patriae,
769 1658 876 1723 solum
899 1657 1047 1742 Augusti
1073 1688 1100 1728 ιο

68 1765 281 1848 sanguinem,
305 1765 439 1829 unicum
463 1765 679 1850 antiquitatis
704 1764 874 1848 specimen
897 1761 1046 1848 appella-

68 1877 147 1931 rent
177 1867 333 1952 versique
368 1867 413 1932 ad
441 1867 573 1932 caelum
601 1887 641 1930 ac
678 1865 758 1931 deos
793 1867 961 1950 integram
995 1866 1047 1931 illi

68 1969 224 2035 subolem
246 1991 287 2035 ac
311 1973 525 2057 superstitem
548 1971 738 2056 iniquorum
760 1979 992 2054 precarentur.

173 2073 205 2139 5.
227 2073 338 2139 Fuere
367 2075 423 2159 qui
451 2072 580 2159 publici
609 2074 736 2138 funeris
759 2094 916 2158 pompam
938 2075 1047 2160 requi-

67 2187 183 2244 rerent
219 2186 521 2263 compararentque
552 2200 638 2263 quae
671 2179 707 2241 in
740 2176 889 2242 Drusum
916 2186 1048 2262 patrem

69 2281 267 2348 Germanici
290 2281 415 2346 honora
440 2290 472 2346 et
495 2281 676 2365 magnifica
699 2279 874 2365 Augustus
897 2280 1047 2346 fecisset.

68 2389 179 2472 ipsum
214 2387 335 2470 quippe
377 2386 558 2471 asperrimo
592 2383 712 2449 hiemis
747 2385 902 2451 Ticinum
942 2406 1048 2471 usque

66 2510 284 2574 progressum
315 2508 423 2573 neque
457 2486 696 2553 abscedentem
730 2511 750 2552 a
780 2509 919 2574 corpore
947 2490 1047 2555 simul
1073 2515 1086 2553 s

67 2592 186 2658 urbem
220 2593 419 2675 intravisse3
454 2592 677 2658 circumfusas
712 2593 800 2658 lecto
829 2591 1048 2658 Claudiorum

68 2697 299 2783 Iuliorumque
322 2697 504 2780 imagines3
528 2695 683 2761 defletum
707 2698 742 2761 in
766 2697 848 2780 for0,
872 2695 1048 2762 laudatum

67 2823 129 2887 pro
157 2801 294 2884 rostris,
317 2810 440 2866 cuncta
464 2822 484 2864 a
507 2800 691 2866 maioribus
713 2810 848 2886 reperta
880 2809 938 2866 aut
962 2822 1048 2886 quae

68 2906 197 2991 posteri
220 2905 410 2970 invenerint
433 2903 621 2970 cumulata:
645 2915 681 2970 at
705 2901 908 2970 Germanico
931 2927 974 2968 ne
997 2925 1048 2968 so·

69 3006 149 3073 litos
173 3007 307 3094 quidem
331 3015 364 3072 ct
394 3009 590 3094 cuicumque
618 3007 725 3074 nobili
749 3008 880 3074 debitos
904 3008 1046 3073 bonores
1074 3029 1099 3070 ro

70 3112 266 3195 contigisse.
290 3132 372 3176 sane
388 3133 509 3196 corpus
533 3110 575 3176 ob
589 3110 874 3198 longinquitatem
889 3114 1048 3177 itinerum

70 3215 222 3280 externis
246 3216 345 3280 terris
369 3214 621 3301 quoquomodo
645 3226 845 3282 crematum:
869 3218 930 3283 sed
952 3227 1047 3284 tanto

70 3318 169 3404 plura
194 3318 317 3384 decora
339 3340 419 3383 mox
442 3318 545 3383 tribui
568 3341 630 3405 par
652 3320 766 3405 fuisse,
790 3330 915 3406 quanto
937 3323 1047 3407 prima

70 3424 139 3489 fors
162 3424 369 3506 negavisset.
398 3443 466 3487 non
487 3423 643 3507 fratrem,
671 3425 738 3488 nisi
762 3427 860 3490 unius
891 3425 957 3490 diei
980 3426 1047 3509 via,

70 3549 137 3592 non
159 3534 315 3612 patruum
340 3526 460 3591 saltem
481 3537 580 3613 porta
610 3536 707 3592 tenus
732 3527 877 3594 obvium.
906 3527 964 3593 ubi
986 3527 1048 3594 illa
1074 3547 1101 3588 1⁵

70 3638 220 3695 veterum
243 3631 410 3713 instituta,
433 3631 640 3716 propositam
662 3640 737 3695 toro
763 3631 916 3714 effigiem,
940 3631 1045 3696 medi-

97 3779 266 3836 ,mcmuan
961 3769 977 3817 8
