2500 4084
267 333 314 384 AB
332 333 496 386 EXCESSU
514 333 673 388 AUGUSTI
691 335 737 384 VI.
758 336 867 386 29-31.
988 334 1050 400 237

52 524 252 592 interdicto
276 525 347 608 igni
363 533 464 610 atque
487 547 576 610 aqua
594 523 718 590 demoti
734 532 822 588 sunt.
846 532 880 588 et
895 522 1049 589 Abudius
1077 540 1090 579 ⁵

53 631 160 695 Ruso
189 628 323 694 functus
352 627 546 711 aedilitate,
582 626 660 692 dum
682 626 828 692 Lentulo
861 625 1050 708 Gaetulice,

57 731 132 798 sub
168 753 231 818 quo
270 730 396 814 legioni
433 731 644 817 praefuerat,
680 731 864 817 perieulum
902 731 1050 813 facessit,

59 835 163 921 quod
192 835 219 899 is
245 832 360 900 Seiani
388 833 492 900 filium
521 854 683 918 generum
707 834 927 918 destinasset,
961 833 1049 900 ultro

59 939 252 1004 damnatur
275 947 379 1023 atque
395 936 477 1002 urbe
501 939 658 1021 exigitur.
683 935 880 1002 Gaetulicus
905 961 945 1002 ea
969 947 1049 1002 tcm-

60 1049 204 1128 pestate
229 1042 409 1126 superioris
434 1038 636 1106 Germaniae
659 1040 810 1124 legiones
834 1040 977 1106 curabat
992 1043 1049 1106 mi·
1078 1059 1103 1098 10

60 1166 208 1230 rumque
224 1166 371 1209 amorem
387 1143 568 1210 adsecutus
586 1153 670 1227 erat,
695 1144 821 1210 effusae
837 1143 1049 1228 clementiae,

61 1247 222 1313 modicus
257 1248 438 1312 severitate
474 1255 506 1311 et
540 1249 691 1332 proximo
718 1269 856 1334 ⁴quoque
887 1251 1050 1314 exercitui

62 1375 128 1438 per
144 1351 184 1415 L.
202 1350 385 1436 Apronium
402 1372 553 1416 socerum
576 1372 643 1414 non
667 1352 837 1433 ingratus..
856 1351 944 1416 unde
960 1352 1050 1418 fama

65 1463 232 1520 constans
257 1475 375 1519 ausum
396 1455 528 1519 mittere
552 1453 597 1518 ad
619 1451 800 1518 Gaesarem
822 1453 966 1539 litteras,
991 1455 1050 1521 ad-

64 1560 236 1624 finitatem
260 1557 325 1622 sibi
348 1577 424 1622 cum
448 1555 570 1622 Seiano
599 1557 689 1622 haud
713 1568 848 1644 sponte,
883 1558 943 1625 sed
972 1581 1049 1624 con·
1076 1577 1102 1618 1⁵

68 1662 148 1727 silio
171 1662 298 1727 Tiberii
321 1670 490 1747 coeptam3
527 1661 667 1747 perinde
697 1683 732 1728 so
756 1683 856 1747 quam
878 1662 1049 1728 Tiberium

66 1765 145 1830 falli
178 1767 346 1850 potuisse,
382 1785 489 1850 neque
528 1787 675 1830 errorem
714 1764 856 1830 eundem
892 1763 942 1830 illi
978 1767 1049 1830 sine

67 1867 199 1951 fraude,
224 1868 300 1932 aliis
318 1869 423 1933 exitio
447 1867 647 1934 habendum.
671 1867 737 1934 sibi
759 1868 859 1934 fidem
881 1871 1050 1952 integram

67 1982 112 2055 et,
139 1973 166 2035 si
189 1969 291 2036 nullis
315 1970 448 2036 insidiis
472 1979 656 2056 peteretur,
681 1972 891 2055 mansuram,
916 1994 1048 2038 succes·

69 2098 181 2141 sorem
203 2097 270 2140 non
299 2074 401 2141 aliter
429 2097 529 2161 quam
559 2074 721 2141 indicium
750 2077 867 2141 mortis
891 2086 1047 2162 acceptu·
1075 2097 1102 2135 ao

67 2203 151 2244 rum.
189 2179 360 2244 firmarent
384 2177 477 2243 velut
499 2177 632 2261 foedus,
656 2200 719 2264 quo
742 2180 897 2265 princeps
921 2189 1048 2246 cetera·

68 2305 144 2347 rum
177 2305 288 2348 rerum
316 2291 503 2368 poteretur,
534 2283 605 2367 ipse
634 2284 844 2367 provinciam
876 2284 1048 2348 retineret.

67 2385 171 2469 haec,
204 2387 290 2453 mira
328 2407 544 2472 quamquam,
579 2385 678 2450 fidem
715 2409 758 2452 ex
786 2409 823 2451 eo
858 2386 1049 2470 trahebant,

67 2489 160 2577 quod
182 2512 266 2554 unus
291 2491 436 2555 omnium
453 2488 569 2556 Seiani
592 2489 753 2555 adfinium
776 2490 952 2556 incolumis
967 2489 1050 2556 mul·

69 2604 172 2679 taque
196 2593 309 2676 gratia
336 2595 477 2675 mansit,
512 2603 690 2678 reputante
714 2593 850 2660 Tiberio
879 2593 1049 2680 publicum
1077 2612 1102 2653 as

69 2695 136 2761 sibi
171 2695 298 2779 odium,
333 2706 519 2762 extremam
557 2704 706 2762 aetatem
742 2698 918 2784 magisque
957 2698 1047 2762 fama

69 2821 169 2886 quam
192 2801 226 2865 vi
250 2811 342 2865 stare
364 2822 418 2864 res
443 2822 532 2865 suas.

174 2902 225 2969 31.
249 2902 286 2970 O.
310 2901 425 2968 Cestio
448 2903 493 2969 lli.
525 2901 667 2970 Servilio
697 2904 890 2972 consulibus
918 2903 1050 2970 nobiles

68 3006 188 3074 Parthi
218 3009 251 3072 in
279 3007 396 3073 urbem
424 3030 564 3092 venere,
601 3010 719 3092 ignaro
753 3029 833 3092 rego
862 3007 1049 3073 Artabano.

71 3114 98 3176 is
126 3119 218 3177 metu
248 3108 442 3176 Germanici
470 3111 557 3176 fidus
580 3112 757 3195 Romanis,
792 3109 980 3197 aequabilis
1015 3112 1049 3176 in

72 3236 163 3298 suos,
194 3236 274 3280 mox
296 3213 488 3300 superbiam
512 3216 546 3278 in
575 3237 651 3297 nos,
676 3216 855 3280 saevitiam
884 3215 918 3279 in
947 3236 1049 3300 popu-

71 3318 158 3384 lares
184 3320 340 3404 sumpsit,
364 3318 470 3383 fretus
493 3316 608 3400 bellis,
644 3339 729 3404 quae
757 3317 906 3383 secunda
929 3316 1047 3384 adver·
1076 3341 1089 3383 s

73 3445 144 3488 sum
167 3423 401 3487 circumiectas
425 3422 581 3487 nationes
606 3432 814 3504 exercuerat,
839 3429 873 3486 et
897 3432 1050 3489 senectu-

72 3535 140 3592 tem
161 3524 290 3592 Tiborii
313 3535 349 3590 ut
374 3526 535 3590 inermem
564 3523 753 3610 despiciens
777 3524 964 3612 avidusque
986 3525 1050 3592 Ar·

73 3630 217 3713 maniae,
247 3632 301 3696 cui
331 3629 488 3694 defuncto
519 3649 599 3712 rege
623 3627 768 3694 Artaxia
792 3627 944 3696 Arsacen
968 3628 1049 3695 libe·
