2552 4084
288 311 335 361 ss
353 310 517 363 excussu
535 309 694 364 Aucusrr
712 313 733 362 Ι.
753 311 862 362 sr-sr.
1025 309 1066 376 39

189 501 242 566 56.
258 502 367 587 Igitur
383 500 606 570 Germanicus
623 513 782 589 quattuor
794 501 955 586 legiones,
972 504 1066 590 quin-

79 628 147 692 que
164 605 385 671 auxiliarium
400 606 495 671 milia
511 616 543 672 et
559 606 798 672 tumultuarias
815 615 971 672 catervas
984 604 1067 670 Cer·

78 732 261 774 manorum
284 713 333 775 cis
362 710 514 776 Rhenum
542 709 723 776 colentium
746 709 916 776 Caecinae
944 709 1067 791 tradit3

80 814 229 880 totidem
245 813 406 898 legiones,
431 813 598 899 duplicem
614 816 780 879 sociorum
802 836 974 880 numerum
996 815 1072 898 ipse

84 916 198 1001 ducit,
234 919 411 1004 positoque
445 916 587 982 castello
621 940 721 1004 super
754 920 901 1001 vestigia
934 918 1067 1003 paterni
1095 931 1108 971 5

82 1020 250 1104 praesidii
272 1022 308 1084 in
329 1029 443 1086 moute
465 1019 583 1085 Tauno
607 1020 801 1106 expeditum
823 1021 1012 1085 exercitum
1034 1021 1069 1084 in

84 1121 231 1189 Chattos
254 1126 359 1209 rapit,
388 1124 430 1188 L.
454 1123 603 1209 Apronio
633 1123 679 1188 ad
707 1125 908 1188 munitiones
938 1125 1070 1188 viarum

84 1235 123 1291 et
145 1227 316 1292 fluminum
338 1226 469 1292 relicto.
497 1249 577 1291 nam
600 1227 725 1306 (rarum
754 1225 804 1291 illi
832 1226 940 1307 caelo)
972 1227 1069 1291 sicci-

83 1339 162 1395 tate
187 1342 219 1395 et
242 1329 397 1396 amnibus
420 1329 562 1395 modicis
591 1329 791 1395 inoffensum
819 1331 885 1395 iter
911 1350 1069 1415 propera-

85 1442 204 1517 verat,
234 1432 424 1521 imbresque
454 1444 488 1499 et
514 1432 687 1498 fluminum
716 1442 835 1498 auctus
863 1432 1070 1516 regredienti
1097 1447 1122 1487 1⁰

83 1536 335 1602 metuebantur.
360 1536 421 1602 sed
436 1534 570 1601 Chattis
594 1535 680 1601 adeo
703 1537 896 1622 inprovisus
920 1535 1070 1619 advenit,

83 1652 125 1707 ut
148 1639 240 1727 quod
262 1639 466 1706 imbecillum
486 1648 602 1704 aetate
624 1662 665 1704 ac
690 1661 774 1704 sexu
797 1641 913 1706 statim
936 1649 1071 1725 captum

85 1753 147 1809 aut
160 1743 367 1809 trucidatum
379 1745 433 1808 sit.
457 1744 613 1809 iuventus
632 1743 754 1808 flumen
766 1742 941 1809 Adranam
957 1743 1069 1807 nando

85 1849 294 1928 tramiserat,
326 1847 561 1932 Romanosque
590 1855 727 1931 pontem
757 1848 948 1932 coeptantis
977 1867 1070 1910 arce-

84 1951 185 2016 bant.
231 1951 307 2016 dein
335 1952 513 2016 tormentis
538 1952 739 2037 sagittisque
761 1949 866 2036 pulsi,
896 1951 1069 2034 temptatis
1099 1965 1124 2004 1⁵

85 2056 217 2121 frustra
247 2053 502 2121 condicionibus
526 2054 638 2139 pacis,
663 2077 738 2119 cum
761 2053 898 2140 quidam
921 2052 966 2117 ad
989 2051 1071 2118 Cer-

84 2161 260 2224 manicum
281 2159 524 2244 perfugissent,
547 2156 669 2243 reliqui
692 2159 824 2222 omissis
848 2157 946 2242 pagis
969 2157 1070 2221 vicis·

87 2285 154 2348 que
178 2265 213 2327 in
237 2262 341 2328 silvas
357 2262 607 2348 disperguntur.
636 2259 765 2326 Caesar
788 2263 927 2326 incenso
950 2260 1071 2326 Mattio

88 2366 141 2447 (id
165 2368 259 2450 genti
280 2367 394 2452 caput)
428 2373 547 2451 aperte
581 2363 762 2449 populatus
785 2365 888 2430 vertit
917 2364 963 2430 ad
984 2363 1071 2429 Rhe-

86 2493 179 2552 num,
202 2492 271 2535 non
299 2493 381 2535 auso
410 2469 506 2534 hoste
541 2479 639 2552 terga
669 2467 865 2534 abeuntium
894 2467 1072 2551 lacessere,
1099 2479 1125 2516 2⁰

88 2572 181 2658 quod
217 2571 268 2637 illi
301 2574 420 2654 moris,
455 2573 608 2658 quotiens
639 2580 717 2635 astu
743 2572 853 2654 magis
876 2571 982 2657 ¹quam
1013 2593 1073 2656 per

89 2675 305 2742 formidinem
327 2677 440 2741 cessit.
464 2674 574 2741 fuerat
596 2675 727 2738 animus
752 2671 933 2739 Cheruscis
955 2677 1073 2740 iuvare

90 2777 246 2862 Chattos,
281 2779 341 2844 sed
375 2779 538 2844 exterruit
570 2775 718 2843 Caecina
753 2777 817 2842 huc
852 2776 932 2843 illuc
962 2778 1073 2844 ferens

89 2905 203 2966 arma3
226 2892 258 2948 et
280 2882 412 2948 Marsos
436 2882 599 2965 congredi
628 2903 728 2946 ausos
752 2903 913 2967 prospero
944 2881 1073 2967 proelio

90 2985 253 3052 cohibuit.
1101 2998 1126 3038 25

194 3085 247 3152 57.
270 3089 385 3175 Neque
407 3089 512 3156 multo
535 3101 611 3177 post
634 3090 740 3174 legati
764 3113 785 3155 a
809 3088 951 3174 Segeste
974 3111 1074 3154 vene-

89 3201 168 3258 runt
198 3191 363 3258 auxilium
392 3205 528 3259 orantes
562 3196 725 3260 adversus
754 3197 823 3260 vim
851 3192 1072 3282 popularium,

90 3319 110 3360 a
141 3295 216 3381 quis
246 3296 573 3380 circumsedebatur,
604 3297 771 3364 validiore
802 3297 894 3383 apud
924 3319 980 3361 eos
1011 3295 1073 3359 Ar-

91 3400 210 3476 minio,
241 3402 399 3485 quoniam
427 3399 553 3466 bellum
581 3400 768 3467 suadebat:
798 3425 879 3466 nam
906 3398 1073 3480 barbaris,

92 3511 221 3589 quanto
245 3505 319 3589 quis
342 3502 488 3571 audacia
511 3513 701 3591 promptus,
732 3514 827 3569 tanto
856 3505 964 3587 magis
987 3502 1073 3567 fidus
1101 3515 1114 3554 ⁵

92 3607 260 3695 rebusque
280 3609 380 3676 motis
403 3609 514 3694 potior
535 3607 689 3674 habetur.
712 3606 895 3672 addiderat
918 3604 1075 3690 Segestes
