2500 4084
243 311 288 362 ΔΒ
309 311 471 363 Excusso
491 309 651 362 AUGUSTI
669 310 715 359 IV.
738 311 846 360 19-22,
972 310 1032 373 173

41 501 192 565 offensio
216 501 250 564 in
274 499 361 583 illos,
386 523 430 565 an
454 502 498 565 sit
521 499 651 586 aliquid
674 502 708 566 in
732 502 856 567 nostris
880 500 1033 568 consiliis

41 604 222 690 liceatque
245 606 334 670 inter
357 604 536 690 abruptam
558 607 806 672 contumaciam
830 615 861 670 et
887 605 1034 670 deforme

43 710 251 798 obsequium
272 728 413 794 pergere
437 711 501 774 iter
525 709 707 775 ambitione
731 734 771 775 ao
793 710 952 796 periculis
977 733 1034 774 va-

43 837 162 880 cuum.
209 824 245 879 at
277 812 480 878 Messalinus
517 811 619 878 Cotta
659 812 751 879 haud
784 816 894 879 minus
929 814 1032 879 claris
1060 828 1086 866 2⁰

44 917 251 1000 maioribus,
276 917 336 982 sed
359 918 470 982 animo
496 915 659 1001 diversus,
690 920 823 983 censuit
846 918 1034 984 cavendum

44 1030 192 1086 senatus
217 1020 380 1103 consulto,
404 1030 440 1086 ut
457 1042 658 1106 quamquam
681 1023 831 1087 insontes
854 1023 1033 1106 magistra-

46 1135 103 1189 tus
132 1134 168 1189 et
185 1122 304 1209 culpae
327 1122 460 1188 alienae
475 1125 583 1188 nescii
605 1124 870 1209 provincialibus
891 1147 1034 1190 uxorum

47 1227 254 1294 criminibus
277 1226 417 1314 proinde
441 1249 539 1313 quam
564 1229 632 1293 suis
654 1228 892 1314 plecterentur.

159 1330 210 1395 21.
235 1328 357 1396 Actum
391 1330 512 1396 dehine
543 1330 584 1395 de
607 1329 790 1418 Calpurnio
813 1335 951 1420 Pisone,
975 1359 1033 1402 no-

47 1433 112 1499 bili
130 1455 172 1499 ac
195 1435 301 1500 feroci
316 1435 399 1499 viro.
423 1436 450 1499 is
474 1458 628 1521 namque,
652 1446 687 1500 ut
710 1437 837 1522 rettuli,
861 1461 1032 1504 cessurum

51 1563 88 1604 se
114 1539 200 1605 urbe
229 1539 271 1604 ob
300 1539 466 1604 factiones
491 1548 727 1605 accusatorum
755 1542 790 1606 in
819 1552 941 1608 senatu
964 1543 1032 1608 cla-

49 1645 235 1708 mitaverat
266 1652 300 1707 et
329 1651 443 1728 spreta
466 1644 618 1728 potentia
641 1642 817 1728 Augustae
841 1646 974 1712 trahere
998 1649 1032 1711 in

49 1747 103 1810 ius
133 1743 360 1828 Urgulaniam
394 1744 557 1832 domoque
584 1747 747 1833 principis
782 1750 897 1814 excire
931 1773 1031 1815 ausus
1059 1776 1073 1815 o

51 1857 139 1914 erat·
174 1871 260 1935 quae
290 1850 508 1934 inpraesens
532 1849 687 1915 Tiberius
718 1851 866 1916 civiliter
893 1853 1032 1919 habuit:

51 1952 113 2017 sed
146 1953 180 2017 in
210 1955 321 2017 animo
351 1951 544 2018 revolvente
573 1955 659 2036 irae,
699 1956 801 2020 etiam
831 1958 860 2020 si
890 1958 1032 2043 impetus

52 2056 249 2122 offensionis
271 2054 470 2140 languerat,
498 2059 659 2121 memoria
683 2057 832 2124 valebat.
877 2061 1033 2127 Pisonem

53 2159 93 2240 Q.
120 2157 268 2224 Granius
304 2162 427 2224 secreti
461 2163 624 2226 sermonis
654 2164 825 2229 incusavit
854 2164 1033 2231 adversum

53 2265 265 2329 maiestatem
287 2262 413 2343 habiti,
444 2263 635 2351 adiecitque
659 2267 693 2330 in
718 2265 814 2331 domo
840 2270 909 2332 eius
932 2291 1030 2333 veno·
1059 2292 1084 2331 ro

52 2390 131 2432 num
149 2389 224 2432 esse
240 2388 379 2452 eumque
395 2366 510 2452 gladio
528 2369 719 2434 accinctum
737 2371 876 2434 introire
892 2373 1031 2437 curiam.

54 2471 143 2556 quod
164 2479 202 2535 ut
226 2472 374 2536 atrocius
390 2493 470 2536 vcro
494 2473 702 2555 tremissum,
725 2482 921 2557 ceterorum,
946 2496 1032 2560 quae

53 2573 159 2640 multa
198 2573 473 2657 cumulabantur,
508 2586 662 2663 receptus
705 2587 755 2642 est
792 2600 887 2662 reus,
924 2600 1032 2665 neque

54 2689 211 2763 peractus
241 2677 282 2743 ob
311 2689 452 2745 mortem
482 2689 711 2766 opportunam.
756 2680 898 2748 relatum
927 2692 960 2747 et
990 2682 1031 2747 de

54 2781 173 2847 Cassio
191 2780 315 2847 Severo
339 2781 467 2866 exsule,
491 2785 547 2869 qui
571 2783 729 2849 sordidae
754 2787 904 2870 originis,
927 2786 1029 2852 male·
1058 2809 1082 2848 1⁵

53 2887 138 2953 fieae
167 2887 274 2970 vitae,
313 2886 373 2951 sed
408 2887 528 2953 orandi
555 2886 706 2970 validus,
741 2911 801 2974 per
834 2888 1031 2956 immodicas

55 2991 251 3055 inimicitias
275 2998 311 3054 ut
334 2988 461 3055 iudicio
485 2991 588 3056 iurati
619 3000 757 3056 senatus
781 2990 919 3057 Cretam
942 3015 1031 3058 amo·
1078 3005 1081 3010 '

53 3104 188 3161 veretur
211 3093 385 3177 effecerat,
413 3105 513 3180 atque
537 3093 608 3159 illio
639 3094 758 3160 eadem
782 3087 957 3161 actitando
981 3120 1031 3162 re·

54 3200 166 3264 centia
193 3209 373 3284 veteraque
397 3198 475 3264 odia
499 3198 663 3282 advertit,
697 3197 862 3287 bonisque
896 3209 1029 3283 exutus,

55 3300 235 3368 interdicto
265 3303 335 3386 igni
367 3311 468 3388 atque
497 3324 601 3388 aqua,
637 3324 721 3367 saxo
746 3300 884 3388 Seripho
916 3323 1030 3368 conse·
1057 3327 1082 3366 ao

56 3407 136 3471 nuit.

156 3507 209 3574 22.
230 3509 295 3574 Per
318 3509 407 3574 idem
430 3519 559 3597 tempus
582 3509 736 3575 Plautius
754 3508 912 3576 Silvanus
935 3533 1031 3597 prae·

58 3621 105 3677 tor
127 3615 266 3678 incertis
282 3614 395 3678 causis
411 3612 596 3698 Aproniam
619 3614 796 3696 coniugem
818 3617 851 3679 in
867 3635 1030 3700 praeceps
