2530 4084
243 343 290 395 AB
309 340 473 394 EXOESSU
491 340 649 392 AUGUSTI
667 341 717 392 111.
736 341 848 394 24-21.
972 341 1033 406 127

157 532 212 598 26.
235 529 467 597 Vetustissimi
481 528 681 612 mortalium,
706 527 800 595 nulla
816 529 926 594 adhue
942 531 1033 596 mala

43 637 210 719 libidine,
234 637 306 700 sinc
321 631 454 719 probro,
478 632 603 697 scelere
628 654 732 719 eoque
756 633 828 698 sine
850 654 958 719 poena
975 644 1034 699 aut

45 739 319 808 coercitionibus
342 736 500 820 agebant.
524 759 631 823 neque
653 737 814 823 praemiis
844 759 925 824 opus
950 748 1033 820 erat,

47 866 131 909 cum
166 842 310 907 honesta
344 847 461 924 suopte
490 841 624 922 ingenio
655 849 864 926 peterentur3
910 849 943 906 et
976 840 1034 906 ubi

45 947 140 1012 nihil
165 956 285 1011 contra
308 965 433 1008 morem
455 951 625 1028 cuperent,
648 942 733 1007 nihil
755 965 816 1028 per
838 954 963 1009 metum
977 967 1033 1010 ve·
1060 963 1073 1003 5

47 1051 229 1116 labantur.
254 1056 289 1113 at
312 1055 489 1133 postquam
513 1047 592 1109 exui
615 1044 803 1131 aequalitas
828 1055 861 1110 et
883 1068 942 1131 pro
966 1069 1034 1112 mo-

50 1155 170 1218 destia
200 1173 241 1216 ac
265 1150 392 1237 pudore
422 1147 562 1213 ambitio
592 1157 624 1212 et
646 1150 698 1213 vis
729 1148 927 1234 incedebat,
961 1173 1036 1236 pro·

49 1278 181 1322 venere
198 1255 444 1320 dominationes
460 1251 649 1338 multosque
665 1252 755 1338 apud
770 1252 911 1339 populos
928 1263 1035 1318 aeter-

49 1383 135 1425 num
151 1380 314 1425 mansere.
339 1356 475 1442 quidam
498 1357 623 1439 statim,
647 1365 706 1420 aut
727 1366 904 1443 postquam
919 1378 1036 1441 regum

51 1474 265 1550 pertaesum,
298 1461 391 1544 leges
420 1457 621 1524 maluerunt.
665 1457 730 1524 hae
757 1461 864 1545 primo
894 1461 1034 1528 rudibus
1063 1481 1087 1520 10

53 1568 229 1632 hominum
246 1565 364 1629 animis
390 1560 559 1648 simplices
584 1572 695 1646 erant3
718 1565 929 1651 maximeque
945 1565 1036 1630 fama

54 1670 248 1736 celebravit
271 1666 499 1749 Cretensium,
523 1687 607 1752 quas
630 1665 751 1749 Minos,
782 1665 1036 1754 Spartanorum,

55 1796 141 1860 quas
157 1773 348 1856 Lyeurgus,
375 1791 415 1834 ao
431 1792 512 1834 mox
529 1768 792 1836 Atheniensibus
815 1775 1035 1857 quaesitiores

56 1881 126 1942 iam
151 1887 185 1942 et
207 1875 320 1961 plures
345 1872 422 1939 Solo
445 1875 654 1960 perscripsit.
678 1875 776 1939 nobis
799 1874 968 1959 Romulus,
999 1886 1036 1942 ut

55 1981 201 2063 libitum,
225 1980 495 2064 imperitaverat:
526 1977 602 2042 dein
625 1979 734 2043 Numa
757 1979 977 2064 religionibus
1003 1991 1037 2046 et
1063 1995 1089 2035 15

58 2083 175 2147 divino
200 2083 270 2146 iure
285 2079 444 2166 populum
468 2079 630 2164 devinxit,
654 2093 854 2170 repertaque
870 2083 1037 2170 quaedam

58 2209 77 2250 a
99 2184 202 2250 Tullo
231 2194 265 2250 et
287 2183 393 2249 Anco.
438 2183 499 2250 sed
520 2187 722 2271 praecipuus
747 2185 882 2252 Servius
905 2186 1034 2252 Tullius

57 2298 197 2354 sanctor
231 2286 342 2371 legum
375 2287 454 2370 fuit,
489 2289 563 2373 quis
597 2289 699 2353 etiam
734 2310 831 2373 reges
867 2289 1035 2376 obtempe-

56 2400 185 2457 rarent.

162 2492 213 2557 27.
226 2492 326 2558 Pulso
339 2493 522 2579 Tarquinio
534 2493 713 2560 adversum
724 2504 857 2581 patrum
869 2495 1036 2562 factiones

57 2596 164 2663 multa
187 2596 329 2683 populus
351 2599 486 2683 paravit
501 2597 647 2663 tuendae
663 2597 831 2666 libertatis
856 2608 888 2664 et
903 2600 1037 2664 firman·

59 2702 124 2768 dae
158 2700 379 2784 concordiae,
420 2703 592 2789 creatique
631 2703 812 2769 decemviri
849 2712 882 2768 ct
916 2704 1036 2768 accitis
1142 2769 1145 2774 ,

59 2827 146 2892 quae
181 2827 322 2892 usquam
356 2808 494 2891 egregia
528 2809 734 2893 compositae
776 2807 953 2872 duodecim
987 2818 1036 2872 ta·

57 2908 178 2992 bulae,
205 2909 282 2974 finis
313 2911 412 2994 aequi
440 2911 531 2975 iuris.
577 2932 656 2975 nam
686 2920 822 2976 secutae
851 2911 944 2996 leges
969 2913 1035 2977 etsi
1062 2926 1074 2964 ⁵

59 3012 244 3099 aliquando
268 3015 303 3078 in
325 3012 498 3079 maleficos
522 3036 565 3078 ex
589 3014 730 3099 delicto,
765 3017 899 3101 saepius
924 3025 1036 3081 tamen

62 3117 274 3182 dissensione
298 3117 452 3183 ordinum
475 3127 508 3182 et
531 3117 706 3203 apiscendi
730 3117 879 3184 inlicitos
894 3117 1037 3182 honores

61 3228 120 3286 aut
141 3220 290 3307 pellendi
314 3220 424 3286 claros
440 3222 532 3286 viros
556 3220 690 3308 aliaque
707 3220 748 3286 ob
764 3244 872 3307 prava
894 3243 955 3306 per
968 3221 1037 3285 vim

61 3326 153 3392 latae
177 3334 263 3390 sunt.
308 3325 387 3390 hine
412 3323 561 3390 Gracchi
584 3335 617 3391 et
641 3323 816 3389 Saturnini
845 3324 1036 3390 turbatores

62 3427 180 3517 plebis,
203 3450 265 3494 nec
287 3430 396 3494 minor
418 3427 561 3513 largitor
580 3431 714 3494 nomine
738 3438 875 3495 senatus
890 3428 1037 3511 Drusus3
1065 3444 1090 3482 1⁰

65 3534 214 3619 corrupti
246 3554 304 3619 spe
333 3541 392 3597 aut
420 3530 523 3597 inlusi
551 3554 611 3618 per
638 3533 915 3598 intercessionem
943 3532 1036 3596 socii.

66 3657 103 3700 ac
126 3657 169 3701 ne
196 3634 285 3700 bello
316 3634 450 3721 quidem
472 3633 609 3719 Italico,
643 3655 723 3700 mox
752 3635 845 3701 civili
868 3635 1036 3718 omissum,
