2530 4084
230 270 292 334 122
555 264 729 318 oosunnu
748 261 870 314 riornr

331 455 380 521 18.
404 455 513 522 Multa
548 479 590 521 ex
620 477 659 520 ea
689 454 857 520 sententia
885 453 1044 536 mitigata
1076 458 1160 516 sunt
1190 472 1208 512 a

226 561 394 646 principe:
438 583 481 625 ne
518 581 640 624 nomen
673 557 805 623 Pisonis
846 557 945 623 fastis
988 557 1207 630 eximeretur,

228 663 362 750 quando
391 662 436 727 M.
459 661 616 746 Antonii,
646 663 704 748 qui
736 660 863 727 bellum
889 659 1023 746 patriae
1055 658 1208 736 fecisset,

226 767 292 833 Iuli
315 766 465 848 Antonii,
489 768 546 852 qui
569 765 703 832 domum
725 763 873 849 Augusti
895 761 1070 846 violasset,
1095 781 1208 826 mane·

190 885 202 924 ⁵
228 880 314 937 rent.
338 880 371 936 et
392 869 437 936 M.
460 871 616 936 Pisonem
646 870 851 954 ignominiae
876 869 1000 934 exemit
1023 866 1210 932 concessit·

228 998 291 1063 que
323 976 353 1040 ei
382 983 525 1061 paterna
547 973 648 1059 bona,
683 974 768 1040 satis
790 975 922 1057 firmus,
952 981 989 1038 ut
1017 993 1123 1056 saepe
1146 989 1210 1034 me·
1252 1003 1253 1026 r

227 1080 374 1162 moravi,
398 1078 579 1145 adversum
606 1079 786 1164 pecuniam
810 1087 842 1144 et
866 1087 937 1143 tum
958 1074 1089 1162 pudore
1114 1071 1210 1138 abso-

229 1181 320 1247 lutae
342 1180 529 1247 Plancinae
550 1180 763 1267 placabilior.
787 1190 889 1266 atque
913 1179 1017 1261 idem,
1042 1199 1123 1242 cunr
1146 1176 1210 1242 Va·

228 1284 331 1350 lerius
355 1284 560 1350 Messalinus
592 1287 725 1369 signum
748 1305 885 1350 aureum
914 1284 950 1348 iu
979 1280 1064 1347 aede
1089 1279 1211 1346 Martis

177 1401 202 1440 ¹⁰
228 1388 368 1471 Ultoris,
392 1385 540 1454 Caecina
558 1386 701 1453 Severus
725 1409 820 1453 aram
835 1387 975 1452 ultionis
993 1383 1212 1451 statuendam

229 1494 457 1575 censuissent,
486 1491 674 1578 prohibuit,
711 1492 753 1557 ob
784 1501 943 1558 externas
974 1512 1015 1554 ea
1045 1489 1212 1554 victorias

231 1597 359 1662 sacrari
386 1595 567 1679 dictitans,
594 1596 778 1662 domestica
809 1596 899 1662 mala
931 1595 1073 1661 tristitia
1104 1591 1211 1678 operi·
1253 1679 1254 1688 ἵ

233 1699 331 1765 enda.
377 1699 558 1765 addiderat
581 1698 786 1766 Messalinus
810 1699 946 1766 Tiberio
977 1706 1010 1762 et
1033 1695 1212 1780 Augustae
1253 1715 1254 1728 ¹

231 1812 263 1868 et
286 1802 456 1868 Antoniae
480 1812 514 1868 et
528 1801 737 1889 Agrippinae
752 1802 932 1889 Drusoque
955 1801 997 1866 ob
1021 1801 1210 1866 vindictam

179 1919 202 1958 ¹⁵
231 1903 425 1971 Germanici
438 1914 553 1989 grates
566 1906 718 1989 agendas
733 1907 958 1992 omiseratque
970 1902 1110 1970 Claudii
1121 1924 1209 1970 men·

231 2011 365 2074 tionem.
390 2018 423 2074 et
438 2008 657 2075 Messalinum
680 2008 814 2095 quidem
837 2008 877 2074 L.
894 2008 1069 2094 Asprenas
1094 2015 1212 2073 senatu

232 2134 344 2178 eoram
377 2122 597 2198 percontatus
633 2123 685 2178 est
721 2136 765 2179 an
792 2111 940 2199 prudens
974 2113 1212 2198 praeterisset,

232 2237 272 2279 ac
306 2223 377 2281 tum
412 2215 544 2282 demum
580 2238 701 2282 nomen
736 2214 870 2283 Claudii
905 2215 1120 2301 adscriptum
1154 2221 1210 2278 est.

230 2317 323 2402 mihi,
347 2329 471 2406 quanto
495 2320 593 2406 plura
615 2323 803 2386 recentium
825 2343 884 2386 seu
898 2331 1052 2385 veterum
1067 2317 1213 2396 revolvo,

181 2437 207 2477 20
234 2430 330 2487 tanto
354 2425 463 2507 magis
486 2423 636 2490 ludibria
665 2449 777 2492 rerum
799 2424 994 2491 mortalium
1021 2423 1159 2489 cunctis
1181 2421 1211 2484 in
1254 2439 1255 2482 l

232 2527 379 2609 negotiis
403 2525 638 2593 obversantur.
662 2529 784 2614 quippe
806 2527 897 2593 fama
922 2548 980 2612 spe
995 2525 1213 2591 veneratione

231 2630 342 2715 potius
378 2650 491 2694 omnes
521 2629 781 2697 destinabantur
810 2631 947 2716 imperio
984 2651 1087 2715 quam
1117 2647 1211 2715 quem

233 2732 381 2797 futurum
403 2734 589 2818 prinoipem
612 2733 749 2799 fortuna
772 2735 806 2798 in
830 2731 963 2799 occulto
986 2731 1140 2798 tenebat.

337 2835 386 2899 19.
410 2835 536 2902 Paucis
558 2846 635 2922 post
660 2837 779 2903 diebus
796 2835 924 2902 Caesar
948 2845 1069 2901 auctor
1084 2833 1215 2900 senatui

234 2934 298 3004 fuit
320 2938 459 3004 Vitellio
484 2949 584 3026 atque
607 2940 755 3006 Veranio
786 2950 819 3006 et
844 2940 990 3007 Servaeo
1022 2937 1213 3004 sacerdotia

234 3042 421 3108 tribuendi:
455 3042 612 3110 Fulcinio
652 3043 849 3128 suffragium
877 3043 923 3109 ad
949 3042 1093 3108 honores
1122 3037 1213 3125 polli-

235 3147 322 3211 citus
345 3147 484 3230 monuit,
507 3169 550 3212 ne
565 3145 762 3212 facundiam
777 3146 939 3212 violentia
960 3144 1213 3232 praecipitaret.

199 3268 212 3307 o
238 3250 267 3313 is
297 3249 374 3314 finis
403 3249 467 3313 fuit
495 3251 529 3314 in
557 3249 757 3315 ulciscenda
781 3247 977 3316 Germanioi
998 3258 1117 3330 morte,
1151 3267 1214 3311 non

235 3352 334 3417 modo
358 3351 450 3438 apud
471 3351 548 3417 illos
571 3352 733 3435 homines,
758 3354 813 3438 qui
836 3361 908 3419 tum
931 3351 1091 3436 agebant,
1116 3350 1213 3415 etiam

238 3455 363 3519 secutis
403 3455 608 3538 temporibus
649 3456 744 3520 vario
779 3477 912 3522 rumore
945 3456 1087 3522 iactata.
1132 3451 1213 3519 adeo

239 3556 389 3620 maxima
413 3576 565 3642 quaeque
594 3556 754 3641 ambigua
779 3566 875 3643 sunt,
905 3558 983 3626 dum
1006 3557 1065 3624 alii
1089 3577 1215 3644 quoquo
