2500 4084
231 341 277 390 nn
296 325 637 392 nxoasmoousrr
656 341 701 390 1v.
723 342 832 394 ra-u.
955 338 1019 405 209

29 529 266 598 adventarites
300 553 408 618 neque
447 534 674 598 constantiam
713 532 917 598 addiderant
952 541 1020 596 tur-

32 635 131 700 batis
145 645 189 700 :et
212 657 337 722 pavore
359 636 560 720 fugientium
582 636 832 702 auferebantur.
870 634 1020 718 Cethego

34 737 199 803 Labeoni
231 737 345 823 legato
375 740 513 825 quintae
549 738 693 824 legionis
735 739 824 826 quod
857 736 1021 825 reliquum

38 841 248 907 auxiliorum
270 842 387 909 tradit.
433 851 534 929 atque
557 843 615 909 ille
639 844 742 909 dubia
766 864 900 908 suorum
927 843 1022 906 rein

39 968 170 1032 anceps
205 954 335 1011 tractus
368 948 480 1012 missis
514 947 640 1012 nuntiis
673 947 742 1012 vim
771 945 940 1030 legionum
973 945 1022 1009 in·
1049 977 1075 1019 ,ο

39 1046 212 1134 plorabat.
256 1060 475 1135 prorumpunt
504 1051 658 1136 quintani
681 1059 760 1115 ante
784 1049 869 1114 alios
894 1058 927 1113 et
950 1049 1023 1113 aeri

39 1173 158 1238 pugna
181 1151 277 1217 hoste
299 1152 396 1238 pulso
412 1154 579 1240 recipiunt
595 1153 743 1219 cohortis
762 1151 899 1240 alasque
915 1153 1022 1217 fessas

40 1253 252 1321 vulneribus.
275 1275 383 1342 neque
407 1254 476 1321 dux
491 1255 660 1322 Romanus
683 1256 790 1322 ultum
812 1258 852 1321 iit
869 1265 928 1323 aut
951 1277 1022 1321 cor·

39 1379 125 1444 pora
148 1357 317 1441 humavit,
348 1379 548 1447 quamquam
574 1358 672 1425 multi
696 1359 905 1426 tribunorum
927 1382 1023 1446 prae·

43 1463 275 1548 lectorumque
316 1471 348 1526 et
377 1463 526 1546 insignes
561 1465 774 1529 centuriones
809 1464 1024 1530 cecidissent.
1051 1496 1076 1537 25

44 1588 127 1630 mox
151 1574 357 1651 compertum
387 1589 407 1631 a
431 1566 616 1650 transfugis
645 1576 834 1650 nongentos
858 1568 1023 1634 Romano-

43 1692 119 1734 rum
142 1668 233 1754 apud
249 1667 370 1752 lucum,
394 1691 491 1756 quem
507 1669 736 1736 Baduhennae
751 1681 887 1754 vocant,
910 1691 1024 1757 pugna

46 1775 78 1837 in
104 1780 279 1857 posterum
302 1782 458 1838 extracta
475 1773 659 1858 confectos,
682 1783 715 1838 et
739 1773 842 1840 aliam
866 1773 1024 1862 quadrin-

45 1885 228 1960 gentorum
256 1897 391 1940 manum
421 1886 585 1962 occupata
613 1874 825 1963 Cruptorigis
856 1875 1025 1964 quondam

47 1977 263 2065 stipendiarii
289 1979 387 2063 villa,
416 1988 595 2066 postquam
626 1978 771 2066 proditio
800 1978 1021 2064 metuebatur,
1049 2013 1075 2054 ,ο

45 2082 170 2147 mutuis
194 2080 316 2147 ictibus
339 2081 568 2168 procubuisse.

151 2183 203 2249 74.
240 2182 377 2250 Clarum
411 2185 489 2251 inde
528 2188 617 2251 inter
652 2185 839 2253 Germanos
876 2187 1025 2252 Frisium

45 2310 176 2371 nomen,
201 2287 435 2354 dissimulante
451 2288 586 2354 Tiberio
611 2289 744 2371 damna,
767 2313 809 2356 ne
825 2291 879 2356 cui
902 2289 1027 2356 bellum

48 2393 266 2479 permitteret.
290 2412 397 2477 neque
421 2402 559 2457 senatus
584 2394 618 2457 in
642 2415 680 2458 eo
705 2414 802 2478 cura,
826 2416 870 2459 an
894 2395 1024 2480 imperii

48 2504 201 2560 extrema
226 2493 543 2561 dehonestarentur:
572 2516 678 2581 pavor
700 2497 851 2562 internus
881 2519 1023 2584 occupa-

48 2606 144 2663 verat
177 2599 323 2681 animos,
357 2599 410 2663 cui
439 2598 623 2664 remedium
656 2598 852 2665 adulatione
887 2623 1023 2687 quaere·
1051 2633 1064 2674 ὅ

47 2701 158 2767 batur.
182 2701 231 2766 ita
254 2721 456 2786 quamquam
479 2700 621 2766 diversis
639 2723 738 2788 super
752 2701 853 2768 rebus
876 2705 1026 2770 consule·

49 2814 174 2886 rentur,
198 2827 293 2870 aram
315 2804 533 2889 clementiae,
568 2827 662 2870 arem
684 2807 856 2871 amicitiae
885 2807 1027 2891 effigies-

50 2932 114 2997 que
138 2909 264 2975 circum
287 2906 446 2974 Caesaris
476 2931 516 2974 ac
541 2907 656 2974 Seiani
680 2930 857 2995 censuere,
887 2912 1028 2978 crebris·

51 3035 115 3099 que
137 3010 292 3098 precibus
309 3010 546 3095 efflagitabant
561 3011 694 3078 visendi
711 3013 762 3077 sui
785 3015 916 3100 copiam
939 3016 1028 3081 sace·

50 3125 135 3182 rent.
159 3137 225 3180 non
249 3113 299 3180 illi
322 3116 493 3180 tamenin
515 3114 632 3180 urbem
662 3125 721 3181 aut
744 3119 929 3203 propinqua
952 3117 1028 3183 urbi
1056 3153 1082 3192 10

52 3220 202 3305 degressi
226 3230 321 3285 sunt:
347 3220 431 3284 satis
455 3220 565 3283 visum
588 3221 745 3286 omittere
768 3219 913 3286 insulam
937 3231 971 3286 et
994 3223 1029 3286 in

52 3325 202 3410 proximo
218 3321 426 3409 Campaniae
450 3324 568 3407 aspici.
594 3345 632 3388 eo
647 3325 762 3388 venire
778 3333 903 3409 patrea,
920 3347 1030 3411 eques,

53 3447 175 3511 magna
197 3448 276 3513 pars
300 3425 419 3512 plebis,
443 3428 537 3491 anxii
562 3447 643 3510 erga
660 3426 828 3511 Seianum,
852 3429 948 3492 cuius
973 3427 1030 3493 du·

55 3532 120 3596 rior
142 3550 362 3613 congressus,
397 3541 498 3616 atque
522 3552 560 3595 eo
583 3553 642 3617 per
671 3529 835 3596 ambitum
862 3541 896 3597 et
926 3533 1030 3596 socie·

56 3642 125 3699 tate
140 3632 357 3698 consiliorum
371 3633 567 3719 parabatur.
592 3635 675 3699 satis
693 3633 877 3700 constabat
893 3643 1029 3699 auctam
1057 3667 1082 3706 ,ὅ

110 3782 232 3828 nemrod
249 3783 268 3827 1.
954 3770 987 3820 14
