2534 4084
237 293 274 358 12
562 296 736 348 CORNELII
754 296 876 348 TACITI

231 503 391 569 capacem
419 484 479 551 sed
512 495 759 572 aspernantem,
789 484 925 552 Gallum
948 485 1106 554 Asinium
1142 493 1227 556 avi-

179 600 204 638 10
232 587 310 652 dum
345 596 378 652 et
413 589 591 671 minorem,
624 588 665 654 L.
699 588 899 655 Arruntium
930 610 997 655 non
1031 589 1226 676 indignum
1261 629 1262 684 p

231 699 274 772 et,
299 692 328 756 si
351 711 450 756 casus
475 690 622 774 daretur,
657 714 827 758 ausurum.
851 692 893 757 de
927 692 1096 778 prioribus
1132 717 1225 762 eon·
1261 693 1262 728 ³

231 796 386 878 sentitur,
408 817 468 882 pro
491 794 653 862 Arruntio
676 796 813 883 quidam
836 793 897 862 On.
920 797 1076 884 Pisonem
1100 800 1224 866 tradi-

231 897 326 981 dere,
349 919 528 985 omnesque
556 908 691 984 praeter
712 899 879 986 Lepidum
902 900 1006 966 variis
1035 922 1116 968 mox
1147 906 1223 970 cri-

228 1001 376 1068 minibus
403 1011 554 1069 struente
577 1003 712 1068 Tiberio
736 1005 957 1069 circumventi
980 1012 1068 1068 sunt.
1104 1007 1223 1072 etiam

178 1125 203 1164 15
232 1103 272 1186 Q.
306 1104 469 1170 Haterius
505 1116 538 1170 et
582 1105 773 1172 Mamercus
808 1105 956 1172 Scaurus
997 1107 1222 1193 suspicacem

229 1209 376 1272 animum
404 1209 644 1293 perstrinxere,
667 1209 829 1274 Haterius
859 1231 935 1274 cum
965 1209 1108 1275 dixisset
1128 1208 1222 1298 ‘quo

227 1332 332 1397 usque
353 1313 506 1397 patieris,
529 1310 667 1394 Caesar,
690 1335 757 1379 non
774 1312 894 1379 adesse
910 1322 1011 1400 caput
1034 1314 1082 1378 rei
1097 1315 1221 1399 publi-

227 1413 332 1497 cael',
356 1413 502 1480 Scaurus
525 1416 604 1501 quia
629 1415 773 1500 dixerat,
798 1437 890 1502 spem
913 1438 987 1481 esse
1010 1437 1053 1480 ex
1076 1438 1114 1480 eo
1139 1441 1219 1483 non

227 1518 349 1584 inritas
373 1517 445 1583 fore
469 1528 613 1592 senatus¹
630 1541 764 1604 preces,
794 1519 884 1605 quod
905 1518 1062 1584 relationi
1085 1542 1218 1588 oonsu-

174 1643 200 1684 1ο
227 1620 296 1686 lum
318 1623 390 1687 iure
413 1621 617 1688 tribuniciae
644 1625 824 1710 potestatis
846 1645 914 1688 non
943 1623 1216 1692 intercessisset.

225 1727 259 1791 in
276 1724 455 1791 Haterium
477 1729 594 1792 statim
615 1728 769 1792 invectus
786 1736 855 1810 θεῖς
879 1725 1052 1808 Scaurum,
1075 1729 1132 1792 cui
1156 1730 1216 1794 in-

224 1827 427 1914 placabilius
451 1829 672 1914 irascebatur,
697 1830 829 1898 silentio
845 1831 1004 1897 tramisit.
1027 1831 1215 1916 fessusque

225 1931 371 1998 clamore
396 1934 551 2015 omnium,
575 1933 847 2019 expostulatione
877 1933 1086 2019 singulorum
1106 1933 1214 1999 flexit

223 2035 398 2121 paulatim,
421 2058 488 2101 non
510 2047 547 2102 ut
570 2037 735 2103 fateretur
759 2040 885 2126 suscipi
909 2062 929 2104 a
953 2061 988 2104 se
1012 2040 1209 2123 imperium,

173 2161 198 2202 aa
226 2140 286 2207 sed
319 2150 356 2205 ut
378 2161 504 2224 negare
528 2149 561 2207 et
584 2143 698 2226 rogari
722 2142 902 2209 desineret.
938 2150 1073 2206 constat
1095 2141 1213 2206 Hate-

223 2244 320 2328 rium,
354 2266 430 2309 oum
465 2244 668 2330 deprecandi
702 2267 807 2311 causa
830 2245 1001 2312 Palatium
1028 2247 1212 2311 introisset

225 2345 496 2434 ambulantisque
519 2348 647 2414 Tiberii
677 2370 789 2434 genua
817 2348 1072 2432 advolveretur,
1099 2370 1212 2434 prope

223 2474 244 2516 a
278 2450 441 2517 militibus
479 2453 703 2536 interfectum,
737 2456 814 2540 quia
849 2453 1005 2518 Tiberius
1039 2473 1123 2516 casu
1158 2474 1210 2516 an

222 2553 377 2620 manibus
413 2556 484 2619 eius
519 2556 689 2641 inpeditus
718 2557 922 2643 prociderat.
955 2579 1063 2642 neque
1086 2564 1208 2620 tamen
1263 2565 1264 2574 ’

171 2678 197 2716 ro
224 2657 372 2744 periculo
402 2656 483 2722 talis
512 2659 577 2723 viri
611 2661 788 2745 mitigatus
813 2670 874 2743 est,
910 2659 1015 2725 donec
1038 2658 1209 2723 Haterius

223 2761 413 2846 Augustam
451 2771 562 2826 oraret
604 2764 741 2848 eiusque
775 2763 1000 2828 curatissimis
1040 2759 1205 2846 precibus

222 2873 465 2950 protegeretur.

326 2966 375 3030 14.
398 2965 508 3032 Multa
542 2977 675 3054 patrum
710 2978 743 3034 ct
767 2971 801 3035 in
824 2967 1015 3054 Augustam
1037 2965 1204 3033 adulatio.

222 3070 281 3136 alii
309 3078 495 3155 parentem,
529 3069 588 3136 alii
610 3080 754 3137 matrem
786 3073 917 3158 patriae
952 3069 1203 3156 appellandam,

221 3173 372 3260 plerique
401 3181 437 3237 ut
466 3174 593 3238 nomini
615 3173 773 3241 Caesaris
803 3174 1055 3240 adscriberetur
1077 3169 1202 3238 ‘Iuliae

220 3271 316 3342 tilius’
332 3274 527 3342 censebant.
540 3276 597 3341 ille
609 3277 832 3345 moderandos
845 3278 1043 3343 feminarum
1055 3275 1200 3342 honores

182 3400 193 3438 ⁵
221 3381 386 3446 dictitans
410 3378 592 3466 eademqne
616 3405 652 3448 se
681 3382 905 3467 temperantia
938 3401 1075 3447 usurum
1099 3381 1132 3444 in
1157 3380 1199 3444 iis

219 3505 305 3572 quae
341 3480 406 3546 sibi
439 3481 689 3568 tribuerentur,
728 3492 877 3549 ceterum
911 3484 1034 3548 auxius
1068 3482 1199 3547 invidia

219 3598 252 3652 et
275 3583 437 3651 muliebre
459 3584 637 3671 fastigium
670 3589 704 3653 in
739 3586 998 3655 deminutionem
1035 3587 1085 3651 sui
1110 3588 1197 3650 acci·
