2530 4084
254 346 301 395 AB
319 343 483 396 EXCESSU
500 342 659 394 AUGUSTI
679 343 726 393 111.
749 346 859 394 stt-72.
1001 342 1062 408 155

67 537 166 602 dum.
196 559 278 602 sane
301 536 412 601 lentus
436 537 471 600 in
494 557 552 602 suo
576 531 690 600 dolore
713 545 817 601 esset:
841 533 1062 621 reipublicae

67 643 226 706 iniurias
249 663 292 705 ne
315 639 506 724 largiretur.
531 639 700 705 intellexit
721 639 806 706 haec
829 640 1002 724 Tiberius,
1023 649 1062 706 ut
1090 657 1115 697 1⁰

69 756 180 810 erant
204 746 314 829 magis
338 767 438 830 quam
460 755 498 809 ut
532 743 748 826 dicebantur,
776 746 991 830 perstititque
1014 746 1063 808 in·

70 848 268 914 tercedere.
314 845 434 933 Capito
470 848 666 930 insignitior
698 847 837 913 infamia
866 849 946 928 fuit,
975 847 1063 932 quod

70 952 222 1017 humani
248 951 419 1038 divinique
448 952 530 1015 iuris
560 952 668 1016 sciens
694 953 865 1034 egregium
891 951 1069 1036 publicum,

73 1065 109 1120 et
134 1055 249 1120 bonas
275 1055 363 1120 domi
386 1064 477 1120 artes
502 1054 803 1120 dehonestavisset.

191 1158 241 1223 71.
264 1160 411 1224 Incessit
435 1158 512 1223 dein
535 1157 672 1242 religio,
702 1181 847 1243 quonam
876 1159 911 1223 in
941 1157 1064 1244 templo

76 1262 269 1330 locandum
291 1262 377 1327 soret
408 1263 545 1344 donum,
580 1262 670 1347 quod
698 1284 757 1348 pro
780 1262 976 1327 valetudine
998 1261 1065 1327 Au-

77 1377 208 1451 gustae
242 1368 371 1452 equites
402 1365 545 1431 Romani
571 1377 736 1431 voverant
770 1367 917 1452 equestri
945 1365 1065 1431 Fortu·

78 1495 169 1536 nae:
205 1493 284 1535 nam
307 1471 370 1535 etsi
401 1469 542 1535 delubra
572 1471 642 1535 eius
669 1470 752 1535 deae
774 1469 880 1534 multa
910 1472 944 1533 in
973 1470 1065 1552 urbe,

79 1575 217 1640 nullum
240 1584 353 1639 tamen
376 1574 438 1639 tali
461 1583 682 1657 cognomento
707 1581 789 1639 erat.
824 1583 992 1658 repertum
1015 1583 1065 1638 est
1096 1593 1109 1632 5

82 1679 208 1744 aedem
231 1701 304 1743 esse
328 1677 419 1764 apud
441 1676 596 1759 Antium,
622 1701 706 1764 quae
736 1679 784 1741 sic
808 1686 1066 1760 nuncuparetur,

83 1792 295 1867 cunctasque
325 1782 549 1846 caerimonias
583 1781 715 1846 Italicis
750 1783 785 1845 in
821 1779 952 1866 oppidis
985 1789 1067 1845 tem·

84 1886 213 1972 plaque
248 1895 281 1949 et
313 1885 486 1949 numinum
520 1885 648 1968 effigies
684 1885 765 1948 iuris
801 1895 901 1970 atque
935 1885 1066 1968 imperii

83 1990 232 2055 Romani
256 2011 339 2054 esse.
385 1990 434 2053 ita
467 1988 590 2053 donum
618 1986 708 2073 apud
731 1985 870 2051 Antium
895 1989 1067 2052 statuitur.
1156 1991 1158 2002 ⁴

86 2104 121 2158 et
144 2094 305 2179 quoniam
334 2091 375 2156 de
403 2090 624 2175 religionibus
659 2089 888 2172 tractabatur,
925 2089 1067 2155 dilatum
1095 2112 1120 2150 ro

85 2219 195 2283 nuper
217 2217 412 2281 responsum
435 2194 598 2258 adversus
623 2191 777 2258 Servium
799 2192 1069 2276 Maluginensem

86 2301 259 2365 flaminem
300 2297 435 2363 Dialem
473 2299 637 2382 prompsit
676 2294 805 2361 Caesar
845 2298 1069 2382 recitavitque

89 2404 264 2469 decretum
296 2403 506 2487 pontificum,
541 2403 695 2486 quotiens
730 2399 889 2465 valetudo
923 2399 1069 2465 adversa

88 2508 258 2572 flaminem
281 2505 415 2569 Dialem
438 2507 649 2587 incessisset,
679 2513 716 2568 ut
739 2504 907 2589 pontificis
930 2506 1069 2570 maximi

90 2611 232 2676 arbitrio
267 2609 342 2694 plus
376 2631 475 2694 quam
510 2608 693 2673 binoctium
727 2607 881 2689 abesset,
918 2608 995 2672 dum
1028 2631 1070 2673 ne
1098 2629 1123 2668 15

92 2713 211 2779 diebus
246 2711 375 2798 publici
415 2713 575 2777 sacrificii
615 2735 681 2776 neu
716 2714 849 2798 saepius
885 2733 983 2796 quarn
1017 2711 1070 2776 bis

92 2816 234 2881 eundem
258 2817 293 2879 in
315 2824 459 2898 annum,
483 2838 568 2901 quae
591 2817 743 2901 principe
766 2815 920 2898 Augusto
944 2817 1070 2879 consti-

92 2931 166 2986 tuta
192 2920 275 2984 satis
300 2918 525 2984 ostendebant
550 2941 696 2984 annuam
719 2918 910 2984 absentiam
940 2927 974 2981 et
995 2939 1070 3003 pro-

92 3025 281 3088 vinciarum
304 3022 632 3087 administrationem
647 3022 806 3087 Dialibus
830 3043 897 3086 non
920 3021 1071 3086 concedi.

92 3126 406 3211 memorabaturque
419 3125 458 3189 L.
475 3125 603 3192 Metelli
619 3128 788 3213 pontificis
805 3127 944 3191 maximi
960 3147 1070 3190 exem·
1099 3148 1124 3186 20

93 3230 202 3316 plum,
237 3231 293 3313 qui
320 3227 444 3294 Aulum
477 3230 683 3295 Postumium
715 3231 883 3295 flaminem
916 3230 1071 3294 attinuis-

95 3341 155 3398 set.
180 3333 230 3395 ita
254 3353 325 3396 sors
349 3331 453 3397 Asiae
477 3335 511 3396 in
536 3355 619 3416 eum,
643 3335 699 3418 qui
722 3332 950 3398 consularium
965 3330 1070 3394 Malu-

95 3435 229 3520 ginensi
251 3437 422 3520 proximus
447 3444 529 3520 erat,
554 3434 702 3500 conlata.

198 3536 248 3601 72.
272 3537 384 3602 Isdem
410 3538 528 3604 diebus
552 3538 700 3624 Lepidus
731 3537 773 3601 ab
804 3547 924 3600 senatu
951 3537 1071 3620 petivit

96 3654 131 3708 ut
153 3640 334 3706 basilicam
356 3641 470 3724 Pauli,
504 3641 649 3707 Aemilia
672 3648 902 3721 monumenta,
936 3639 1071 3722 propria
