<?xml version="1.0" encoding="UTF-8"?>
<!DOCTYPE html PUBLIC "-//W3C//DTD XHTML 1.0 Transitional//EN"
    "http://www.w3.org/TR/xhtml1/DTD/xhtml1-transitional.dtd">
<html xmlns="http://www.w3.org/1999/xhtml" xml:lang="en" lang="en">
 <head>
  <title>
</title>
<meta http-equiv="Content-Type" content="text/html;charset=utf-8" />
  <meta name='ocr-system' content='tesseract 3.04.00' />
  <meta name='ocr-capabilities' content='ocr_page ocr_carea ocr_par ocr_line ocrx_word'/>
</head>
<body>
  <div class='ocr_page' id='page_1' title='image "./corneliitacitia03tacigoog_0012.png"; bbox 0 0 2534 4084; ppageno 0'>
   <div class='ocr_carea' id='block_1_1' title="bbox 430 296 1031 360">
    <p class='ocr_par' dir='ltr' id='par_1_1' title="bbox 430 296 1031 360">
     <span class='ocr_line' id='line_1_1' title="bbox 430 296 1031 360; baseline -0.002 -10"><span class='ocrx_word' id='word_1_1' title='bbox 430 300 651 352; x_wconf 80' lang='lat' dir='ltr'>PROOEMIUM</span> <span class='ocrx_word' id='word_1_2' title='bbox 980 296 1031 360; x_wconf 89' lang='lat' dir='ltr'>IX</span> 
     </span>
    </p>
   </div>
   <div class='ocr_carea' id='block_1_2' title="bbox 47 485 1033 3556">
    <p class='ocr_par' dir='ltr' id='par_1_2' title="bbox 47 485 1030 782">
     <span class='ocr_line' id='line_1_2' title="bbox 47 485 1030 575; baseline -0.004 -23"><span class='ocrx_word' id='word_1_3' title='bbox 47 491 148 555; x_wconf 89' lang='lat' dir='ltr'>initio</span> <span class='ocrx_word' id='word_1_4' title='bbox 181 488 321 554; x_wconf 89' lang='lat' dir='ltr'>secundi</span> <span class='ocrx_word' id='word_1_5' title='bbox 349 489 467 554; x_wconf 90' lang='lat' dir='ltr'>Punici</span> <span class='ocrx_word' id='word_1_6' title='bbox 494 486 576 554; x_wconf 91' lang='lat' dir='ltr'>belli</span> <span class='ocrx_word' id='word_1_7' title='bbox 605 511 710 575; x_wconf 88' lang='lat' dir='ltr'>usque</span> <span class='ocrx_word' id='word_1_8' title='bbox 738 488 783 555; x_wconf 89' lang='lat' dir='ltr'>ad</span> <span class='ocrx_word' id='word_1_9' title='bbox 810 488 911 554; x_wconf 87' lang='lat' dir='ltr'>finem</span> <span class='ocrx_word' id='word_1_10' title='bbox 938 485 1030 550; x_wconf 89' lang='lat' dir='ltr'>tertii</span> 
     </span>
     <span class='ocr_line' id='line_1_3' title="bbox 47 590 1030 677; baseline -0.003 -22"><span class='ocrx_word' id='word_1_11' title='bbox 47 591 265 658; x_wconf 80' lang='lat' dir='ltr'>Macedonici</span> <span class='ocrx_word' id='word_1_12' title='bbox 289 590 387 675; x_wconf 88' lang='lat' dir='ltr'>belli,</span> <span class='ocrx_word' id='word_1_13' title='bbox 416 613 480 677; x_wconf 92' lang='lat' dir='ltr'>quo</span> <span class='ocrx_word' id='word_1_14' title='bbox 503 591 621 657; x_wconf 93' lang='lat' dir='ltr'>Perses</span> <span class='ocrx_word' id='word_1_15' title='bbox 645 615 706 657; x_wconf 85' lang='lat' dir='ltr'>rex</span> <span class='ocrx_word' id='word_1_16' title='bbox 729 593 840 657; x_wconf 87' lang='lat' dir='ltr'>victus</span> <span class='ocrx_word' id='word_1_17' title='bbox 871 597 923 655; x_wconf 88' lang='lat' dir='ltr'>est</span> <span class='ocrx_word' id='word_1_18' title='bbox 951 610 1030 674; x_wconf 90' lang='lat' dir='ltr'>cap-</span> 
     </span>
     <span class='ocr_line' id='line_1_4' title="bbox 49 695 827 782; baseline -0.001 -22"><span class='ocrx_word' id='word_1_19' title='bbox 49 704 171 782; x_wconf 88' lang='lat' dir='ltr'>tusque</span> <span class='ocrx_word' id='word_1_20' title='bbox 195 697 229 759; x_wconf 92' lang='lat' dir='ltr'>in</span> <span class='ocrx_word' id='word_1_21' title='bbox 251 703 453 781; x_wconf 90' lang='lat' dir='ltr'>potestatem</span> <span class='ocrx_word' id='word_1_22' title='bbox 475 695 701 760; x_wconf 87' lang='lat' dir='ltr'>Romanorum</span> <span class='ocrx_word' id='word_1_23' title='bbox 724 696 827 760; x_wconf 89' lang='lat' dir='ltr'>venit.</span> 
     </span>
    </p>

    <p class='ocr_par' dir='ltr' id='par_1_3' title="bbox 48 794 1031 1380">
     <span class='ocr_line' id='line_1_5' title="bbox 154 794 1030 884; baseline -0.003 -21"><span class='ocrx_word' id='word_1_24' title='bbox 154 798 241 863; x_wconf 86' lang='lat' dir='ltr'>Item</span> <span class='ocrx_word' id='word_1_25' title='bbox 271 797 333 864; x_wconf 91' lang='lat' dir='ltr'>suh</span> <span class='ocrx_word' id='word_1_26' title='bbox 361 797 515 882; x_wconf 84' lang='lat' dir='ltr'>Augusto</span> <span class='ocrx_word' id='word_1_27' title='bbox 539 797 669 882; x_wconf 86' lang='lat' dir='ltr'>Trogus</span> <span class='ocrx_word' id='word_1_28' title='bbox 693 799 870 884; x_wconf 89' lang='lat' dir='ltr'>Pompeius</span> <span class='ocrx_word' id='word_1_29' title='bbox 895 794 1030 862; x_wconf 78' lang='lat' dir='ltr'>Gallica</span> 
     </span>
     <span class='ocr_line' id='line_1_6' title="bbox 50 900 1030 987; baseline -0.002 -21"><span class='ocrx_word' id='word_1_30' title='bbox 50 902 184 986; x_wconf 86' lang='lat' dir='ltr'>origine</span> <span class='ocrx_word' id='word_1_31' title='bbox 212 900 371 967; x_wconf 89' lang='lat' dir='ltr'>historias</span> <span class='ocrx_word' id='word_1_32' title='bbox 394 900 601 987; x_wconf 89' lang='lat' dir='ltr'>Philippicas</span> <span class='ocrx_word' id='word_1_33' title='bbox 634 910 793 987; x_wconf 87' lang='lat' dir='ltr'>quattuor</span> <span class='ocrx_word' id='word_1_34' title='bbox 822 909 855 965; x_wconf 94' lang='lat' dir='ltr'>et</span> <span class='ocrx_word' id='word_1_35' title='bbox 886 900 1030 986; x_wconf 90' lang='lat' dir='ltr'>quadra·</span> 
     </span>
     <span class='ocr_line' id='line_1_7' title="bbox 48 1003 1029 1090; baseline -0.001 -22"><span class='ocrx_word' id='word_1_36' title='bbox 48 1006 149 1088; x_wconf 84' lang='lat' dir='ltr'>ginta</span> <span class='ocrx_word' id='word_1_37' title='bbox 183 1003 279 1068; x_wconf 88' lang='lat' dir='ltr'>libris</span> <span class='ocrx_word' id='word_1_38' title='bbox 314 1005 520 1090; x_wconf 84' lang='lat' dir='ltr'>composuit,</span> <span class='ocrx_word' id='word_1_39' title='bbox 555 1027 598 1070; x_wconf 86' lang='lat' dir='ltr'>ex</span> <span class='ocrx_word' id='word_1_40' title='bbox 634 1005 754 1090; x_wconf 91' lang='lat' dir='ltr'>quibus</span> <span class='ocrx_word' id='word_1_41' title='bbox 787 1004 832 1067; x_wconf 90' lang='lat' dir='ltr'>M.</span> <span class='ocrx_word' id='word_1_42' title='bbox 867 1004 1029 1068; x_wconf 90' lang='lat' dir='ltr'>Iunianus</span> 
     </span>
     <span class='ocr_line' id='line_1_8' title="bbox 49 1107 1031 1194; baseline -0.002 -22"><span class='ocrx_word' id='word_1_43' title='bbox 49 1109 204 1173; x_wconf 86' lang='lat' dir='ltr'>Iustinus</span> <span class='ocrx_word' id='word_1_44' title='bbox 232 1107 378 1173; x_wconf 90' lang='lat' dir='ltr'>fortasse</span> <span class='ocrx_word' id='word_1_45' title='bbox 406 1107 452 1172; x_wconf 90' lang='lat' dir='ltr'>M.</span> <span class='ocrx_word' id='word_1_46' title='bbox 474 1107 612 1174; x_wconf 87' lang='lat' dir='ltr'>Aurelio</span> <span class='ocrx_word' id='word_1_47' title='bbox 642 1110 829 1194; x_wconf 87' lang='lat' dir='ltr'>imperante</span> <span class='ocrx_word' id='word_1_48' title='bbox 865 1108 1031 1193; x_wconf 86' lang='lat' dir='ltr'>epitomen</span> 
     </span>
     <span class='ocr_line' id='line_1_9' title="bbox 50 1207 1030 1298; baseline 0 -24"><span class='ocrx_word' id='word_1_49' title='bbox 50 1220 82 1276; x_wconf 92' lang='lat' dir='ltr'>et</span> <span class='ocrx_word' id='word_1_50' title='bbox 105 1209 266 1297; x_wconf 83' lang='lat' dir='ltr'>prologos</span> <span class='ocrx_word' id='word_1_51' title='bbox 289 1211 445 1294; x_wconf 84' lang='lat' dir='ltr'>confecit,</span> <span class='ocrx_word' id='word_1_52' title='bbox 467 1212 524 1298; x_wconf 89' lang='lat' dir='ltr'>qui</span> <span class='ocrx_word' id='word_1_53' title='bbox 547 1211 657 1276; x_wconf 86' lang='lat' dir='ltr'>adhuc</span> <span class='ocrx_word' id='word_1_54' title='bbox 681 1219 820 1277; x_wconf 85' lang='lat' dir='ltr'>exstant</span> <span class='ocrx_word' id='word_1_55' title='bbox 844 1220 876 1276; x_wconf 90' lang='lat' dir='ltr'>et</span> <span class='ocrx_word' id='word_1_56' title='bbox 901 1207 1030 1275; x_wconf 87' lang='lat' dir='ltr'>schola·</span> 
     </span>
     <span class='ocr_line' id='line_1_10' title="bbox 51 1313 481 1380; baseline 0.007 -4"><span class='ocrx_word' id='word_1_57' title='bbox 51 1336 125 1379; x_wconf 91' lang='lat' dir='ltr'>rum</span> <span class='ocrx_word' id='word_1_58' title='bbox 150 1315 183 1378; x_wconf 91' lang='lat' dir='ltr'>in</span> <span class='ocrx_word' id='word_1_59' title='bbox 207 1334 304 1378; x_wconf 90' lang='lat' dir='ltr'>usum</span> <span class='ocrx_word' id='word_1_60' title='bbox 328 1313 481 1380; x_wconf 87' lang='lat' dir='ltr'>eduntur.</span> 
     </span>
    </p>

    <p class='ocr_par' dir='ltr' id='par_1_4' title="bbox 51 1416 1033 2936">
     <span class='ocr_line' id='line_1_11' title="bbox 156 1416 1031 1506; baseline 0.001 -25"><span class='ocrx_word' id='word_1_61' title='bbox 156 1416 282 1484; x_wconf 85' lang='lat' dir='ltr'>Tiberii</span> <span class='ocrx_word' id='word_1_62' title='bbox 306 1419 511 1506; x_wconf 81' lang='lat' dir='ltr'>temporibus</span> <span class='ocrx_word' id='word_1_63' title='bbox 533 1419 684 1487; x_wconf 82' lang='lat' dir='ltr'>Velleius</span> <span class='ocrx_word' id='word_1_64' title='bbox 707 1419 904 1486; x_wconf 88' lang='lat' dir='ltr'>Paterculus</span> <span class='ocrx_word' id='word_1_65' title='bbox 928 1418 1031 1483; x_wconf 91' lang='lat' dir='ltr'>histo-</span> 
     </span>
     <span class='ocr_line' id='line_1_12' title="bbox 52 1519 1031 1590; baseline 0.001 -7"><span class='ocrx_word' id='word_1_66' title='bbox 52 1522 120 1584; x_wconf 89' lang='lat' dir='ltr'>rias</span> <span class='ocrx_word' id='word_1_67' title='bbox 151 1519 320 1586; x_wconf 87' lang='lat' dir='ltr'>Romanas</span> <span class='ocrx_word' id='word_1_68' title='bbox 351 1522 396 1587; x_wconf 89' lang='lat' dir='ltr'>ad</span> <span class='ocrx_word' id='word_1_69' title='bbox 425 1523 470 1588; x_wconf 90' lang='lat' dir='ltr'>M.</span> <span class='ocrx_word' id='word_1_70' title='bbox 493 1524 664 1589; x_wconf 91' lang='lat' dir='ltr'>Vinicium</span> <span class='ocrx_word' id='word_1_71' title='bbox 697 1522 871 1590; x_wconf 89' lang='lat' dir='ltr'>consulem</span> <span class='ocrx_word' id='word_1_72' title='bbox 901 1521 1031 1586; x_wconf 90' lang='lat' dir='ltr'>duobus</span> 
     </span>
     <span class='ocr_line' id='line_1_13' title="bbox 51 1623 1032 1714; baseline 0.003 -28"><span class='ocrx_word' id='word_1_73' title='bbox 51 1623 149 1687; x_wconf 88' lang='lat' dir='ltr'>libris</span> <span class='ocrx_word' id='word_1_74' title='bbox 173 1625 329 1691; x_wconf 83' lang='lat' dir='ltr'>confecit.</span> <span class='ocrx_word' id='word_1_75' title='bbox 353 1627 387 1691; x_wconf 92' lang='lat' dir='ltr'>in</span> <span class='ocrx_word' id='word_1_76' title='bbox 411 1637 552 1714; x_wconf 90' lang='lat' dir='ltr'>utroque</span> <span class='ocrx_word' id='word_1_77' title='bbox 575 1626 661 1692; x_wconf 92' lang='lat' dir='ltr'>libro</span> <span class='ocrx_word' id='word_1_78' title='bbox 678 1626 865 1713; x_wconf 88' lang='lat' dir='ltr'>complures</span> <span class='ocrx_word' id='word_1_79' title='bbox 889 1625 1032 1690; x_wconf 90' lang='lat' dir='ltr'>lacunae</span> 
     </span>
     <span class='ocr_line' id='line_1_14' title="bbox 53 1729 1031 1816; baseline 0.004 -26"><span class='ocrx_word' id='word_1_80' title='bbox 53 1736 141 1791; x_wconf 90' lang='lat' dir='ltr'>sunt.</span> <span class='ocrx_word' id='word_1_81' title='bbox 166 1749 305 1813; x_wconf 90' lang='lat' dir='ltr'>quorum</span> <span class='ocrx_word' id='word_1_82' title='bbox 328 1730 362 1794; x_wconf 89' lang='lat' dir='ltr'>in</span> <span class='ocrx_word' id='word_1_83' title='bbox 385 1731 496 1816; x_wconf 89' lang='lat' dir='ltr'>priore</span> <span class='ocrx_word' id='word_1_84' title='bbox 519 1753 573 1796; x_wconf 87' lang='lat' dir='ltr'>res</span> <span class='ocrx_word' id='word_1_85' title='bbox 596 1740 715 1816; x_wconf 81' lang='lat' dir='ltr'>gestae</span> <span class='ocrx_word' id='word_1_86' title='bbox 737 1732 963 1796; x_wconf 87' lang='lat' dir='ltr'>Romanorum</span> <span class='ocrx_word' id='word_1_87' title='bbox 986 1729 1031 1794; x_wconf 89' lang='lat' dir='ltr'>ab</span> 
     </span>
     <span class='ocr_line' id='line_1_15' title="bbox 53 1830 1031 1918; baseline 0.004 -24"><span class='ocrx_word' id='word_1_88' title='bbox 53 1830 145 1895; x_wconf 89' lang='lat' dir='ltr'>Urbe</span> <span class='ocrx_word' id='word_1_89' title='bbox 168 1830 307 1897; x_wconf 85' lang='lat' dir='ltr'>condita</span> <span class='ocrx_word' id='word_1_90' title='bbox 330 1853 436 1918; x_wconf 89' lang='lat' dir='ltr'>usque</span> <span class='ocrx_word' id='word_1_91' title='bbox 459 1833 505 1900; x_wconf 88' lang='lat' dir='ltr'>ad</span> <span class='ocrx_word' id='word_1_92' title='bbox 528 1834 698 1900; x_wconf 87' lang='lat' dir='ltr'>excidium</span> <span class='ocrx_word' id='word_1_93' title='bbox 713 1832 932 1918; x_wconf 77' lang='lat' dir='ltr'>Carthaginis</span> <span class='ocrx_word' id='word_1_94' title='bbox 954 1856 1031 1898; x_wconf 88' lang='lat' dir='ltr'>nar-</span> 
     </span>
     <span class='ocr_line' id='line_1_16' title="bbox 52 1934 1031 2022; baseline 0.003 -25"><span class='ocrx_word' id='word_1_95' title='bbox 52 1943 180 2017; x_wconf 90' lang='lat' dir='ltr'>rantur,</span> <span class='ocrx_word' id='word_1_96' title='bbox 205 1934 313 2001; x_wconf 86' lang='lat' dir='ltr'>altero</span> <span class='ocrx_word' id='word_1_97' title='bbox 330 1958 435 2022; x_wconf 88' lang='lat' dir='ltr'>usque</span> <span class='ocrx_word' id='word_1_98' title='bbox 458 1937 503 2003; x_wconf 90' lang='lat' dir='ltr'>ad</span> <span class='ocrx_word' id='word_1_99' title='bbox 519 1936 729 2002; x_wconf 89' lang='lat' dir='ltr'>consulatum</span> <span class='ocrx_word' id='word_1_100' title='bbox 753 1937 796 2001; x_wconf 88' lang='lat' dir='ltr'>M.</span> <span class='ocrx_word' id='word_1_101' title='bbox 814 1938 941 2002; x_wconf 91' lang='lat' dir='ltr'>Vinicii</span> <span class='ocrx_word' id='word_1_102' title='bbox 965 1939 985 2000; x_wconf 94' lang='lat' dir='ltr'>i.</span> <span class='ocrx_word' id='word_1_103' title='bbox 1004 1958 1031 2001; x_wconf 94' lang='lat' dir='ltr'>e.</span> 
     </span>
     <span class='ocr_line' id='line_1_17' title="bbox 55 2037 1032 2127; baseline 0.002 -26"><span class='ocrx_word' id='word_1_104' title='bbox 55 2037 95 2102; x_wconf 86' lang='lat' dir='ltr'>ad</span> <span class='ocrx_word' id='word_1_105' title='bbox 117 2060 245 2103; x_wconf 88' lang='lat' dir='ltr'>annum</span> <span class='ocrx_word' id='word_1_106' title='bbox 260 2039 372 2104; x_wconf 89' lang='lat' dir='ltr'>XXX.</span> <span class='ocrx_word' id='word_1_107' title='bbox 395 2051 471 2126; x_wconf 91' lang='lat' dir='ltr'>post</span> <span class='ocrx_word' id='word_1_108' title='bbox 487 2039 659 2106; x_wconf 77' lang='lat' dir='ltr'>Christum</span> <span class='ocrx_word' id='word_1_109' title='bbox 681 2051 808 2107; x_wconf 90' lang='lat' dir='ltr'>natum.</span> <span class='ocrx_word' id='word_1_110' title='bbox 831 2043 1032 2127; x_wconf 88' lang='lat' dir='ltr'>imperatore</span> 
     </span>
     <span class='ocr_line' id='line_1_18' title="bbox 53 2139 1032 2224; baseline 0.003 -20"><span class='ocrx_word' id='word_1_111' title='bbox 53 2139 196 2206; x_wconf 88' lang='lat' dir='ltr'>Claudio</span> <span class='ocrx_word' id='word_1_112' title='bbox 228 2142 268 2224; x_wconf 75' lang='lat' dir='ltr'>Q.</span> <span class='ocrx_word' id='word_1_113' title='bbox 311 2141 447 2210; x_wconf 89' lang='lat' dir='ltr'>Curtius</span> <span class='ocrx_word' id='word_1_114' title='bbox 484 2144 590 2210; x_wconf 87' lang='lat' dir='ltr'>Rufus</span> <span class='ocrx_word' id='word_1_115' title='bbox 627 2144 805 2210; x_wconf 82' lang='lat' dir='ltr'>historiam</span> <span class='ocrx_word' id='word_1_116' title='bbox 842 2143 1032 2209; x_wconf 85' lang='lat' dir='ltr'>Alexandri</span> 
     </span>
     <span class='ocr_line' id='line_1_19' title="bbox 53 2245 1033 2334; baseline 0 -24"><span class='ocrx_word' id='word_1_117' title='bbox 53 2245 171 2331; x_wconf 87' lang='lat' dir='ltr'>Magni</span> <span class='ocrx_word' id='word_1_118' title='bbox 196 2246 311 2312; x_wconf 89' lang='lat' dir='ltr'>decem</span> <span class='ocrx_word' id='word_1_119' title='bbox 334 2246 432 2313; x_wconf 91' lang='lat' dir='ltr'>libris</span> <span class='ocrx_word' id='word_1_120' title='bbox 454 2250 658 2333; x_wconf 89' lang='lat' dir='ltr'>composuit,</span> <span class='ocrx_word' id='word_1_121' title='bbox 687 2269 827 2334; x_wconf 90' lang='lat' dir='ltr'>quorum</span> <span class='ocrx_word' id='word_1_122' title='bbox 849 2249 974 2333; x_wconf 91' lang='lat' dir='ltr'>primus</span> <span class='ocrx_word' id='word_1_123' title='bbox 1000 2255 1033 2311; x_wconf 94' lang='lat' dir='ltr'>et</span> 
     </span>
     <span class='ocr_line' id='line_1_20' title="bbox 55 2349 1031 2437; baseline 0 -24"><span class='ocrx_word' id='word_1_124' title='bbox 55 2349 221 2416; x_wconf 91' lang='lat' dir='ltr'>secundus</span> <span class='ocrx_word' id='word_1_125' title='bbox 243 2352 427 2436; x_wconf 89' lang='lat' dir='ltr'>perierunt.</span> <span class='ocrx_word' id='word_1_126' title='bbox 451 2354 531 2418; x_wconf 91' lang='lat' dir='ltr'>item</span> <span class='ocrx_word' id='word_1_127' title='bbox 545 2350 708 2418; x_wconf 88' lang='lat' dir='ltr'>Claudius</span> <span class='ocrx_word' id='word_1_128' title='bbox 731 2353 802 2437; x_wconf 90' lang='lat' dir='ltr'>ipse</span> <span class='ocrx_word' id='word_1_129' title='bbox 824 2361 925 2417; x_wconf 88' lang='lat' dir='ltr'>natus</span> <span class='ocrx_word' id='word_1_130' title='bbox 943 2371 1031 2414; x_wconf 91' lang='lat' dir='ltr'>anno</span> 
     </span>
     <span class='ocr_line' id='line_1_21' title="bbox 57 2453 1031 2522; baseline -0.001 -4"><span class='ocrx_word' id='word_1_131' title='bbox 57 2465 134 2519; x_wconf 87' lang='lat' dir='ltr'>aute</span> <span class='ocrx_word' id='word_1_132' title='bbox 159 2453 330 2521; x_wconf 82' lang='lat' dir='ltr'>Christum</span> <span class='ocrx_word' id='word_1_133' title='bbox 352 2465 469 2521; x_wconf 90' lang='lat' dir='ltr'>natum</span> <span class='ocrx_word' id='word_1_134' title='bbox 493 2457 536 2522; x_wconf 90' lang='lat' dir='ltr'>X.</span> <span class='ocrx_word' id='word_1_135' title='bbox 560 2468 594 2522; x_wconf 90' lang='lat' dir='ltr'>et</span> <span class='ocrx_word' id='word_1_136' title='bbox 616 2479 746 2522; x_wconf 90' lang='lat' dir='ltr'>veneno</span> <span class='ocrx_word' id='word_1_137' title='bbox 770 2464 911 2521; x_wconf 89' lang='lat' dir='ltr'>necatus</span> <span class='ocrx_word' id='word_1_138' title='bbox 942 2475 1031 2518; x_wconf 88' lang='lat' dir='ltr'>anno</span> 
     </span>
     <span class='ocr_line' id='line_1_22' title="bbox 54 2555 1032 2646; baseline -0.002 -24"><span class='ocrx_word' id='word_1_139' title='bbox 54 2567 126 2642; x_wconf 90' lang='lat' dir='ltr'>post</span> <span class='ocrx_word' id='word_1_140' title='bbox 150 2555 321 2623; x_wconf 91' lang='lat' dir='ltr'>Christum</span> <span class='ocrx_word' id='word_1_141' title='bbox 343 2568 460 2624; x_wconf 89' lang='lat' dir='ltr'>natum</span> <span class='ocrx_word' id='word_1_142' title='bbox 482 2559 571 2624; x_wconf 92' lang='lat' dir='ltr'>LIV.</span> <span class='ocrx_word' id='word_1_143' title='bbox 596 2559 690 2626; x_wconf 85' lang='lat' dir='ltr'>dedit</span> <span class='ocrx_word' id='word_1_144' title='bbox 714 2582 848 2646; x_wconf 88' lang='lat' dir='ltr'>operam</span> <span class='ocrx_word' id='word_1_145' title='bbox 870 2558 1032 2623; x_wconf 85' lang='lat' dir='ltr'>historiae</span> 
     </span>
     <span class='ocr_line' id='line_1_23' title="bbox 56 2659 1033 2729; baseline -0.004 -2"><span class='ocrx_word' id='word_1_146' title='bbox 56 2659 255 2727; x_wconf 85' lang='lat' dir='ltr'>scribendae</span> <span class='ocrx_word' id='word_1_147' title='bbox 278 2661 436 2727; x_wconf 90' lang='lat' dir='ltr'>hortante</span> <span class='ocrx_word' id='word_1_148' title='bbox 458 2662 497 2727; x_wconf 86' lang='lat' dir='ltr'>T.</span> <span class='ocrx_word' id='word_1_149' title='bbox 520 2663 630 2728; x_wconf 88' lang='lat' dir='ltr'>Livio.</span> <span class='ocrx_word' id='word_1_150' title='bbox 654 2666 742 2729; x_wconf 92' lang='lat' dir='ltr'>inter</span> <span class='ocrx_word' id='word_1_151' title='bbox 765 2662 834 2729; x_wconf 88' lang='lat' dir='ltr'>alia</span> <span class='ocrx_word' id='word_1_152' title='bbox 857 2661 1033 2726; x_wconf 90' lang='lat' dir='ltr'>historiam</span> 
     </span>
     <span class='ocr_line' id='line_1_24' title="bbox 56 2764 1032 2853; baseline -0.004 -22"><span class='ocrx_word' id='word_1_153' title='bbox 56 2766 206 2852; x_wconf 86' lang='lat' dir='ltr'>scripsit,</span> <span class='ocrx_word' id='word_1_154' title='bbox 243 2788 329 2851; x_wconf 89' lang='lat' dir='ltr'>quac</span> <span class='ocrx_word' id='word_1_155' title='bbox 369 2767 501 2832; x_wconf 90' lang='lat' dir='ltr'>initium</span> <span class='ocrx_word' id='word_1_156' title='bbox 535 2768 625 2853; x_wconf 91' lang='lat' dir='ltr'>cepit</span> <span class='ocrx_word' id='word_1_157' title='bbox 659 2790 679 2832; x_wconf 86' lang='lat' dir='ltr'>a</span> <span class='ocrx_word' id='word_1_158' title='bbox 714 2766 819 2832; x_wconf 85' lang='lat' dir='ltr'>caede</span> <span class='ocrx_word' id='word_1_159' title='bbox 854 2764 1032 2831; x_wconf 88' lang='lat' dir='ltr'>dictatoris</span> 
     </span>
     <span class='ocr_line' id='line_1_25' title="bbox 55 2869 223 2936; baseline -0.006 -3"><span class='ocrx_word' id='word_1_160' title='bbox 55 2869 223 2936; x_wconf 87' lang='lat' dir='ltr'>Caesaris.</span> 
     </span>
    </p>

    <p class='ocr_par' dir='ltr' id='par_1_5' title="bbox 54 2969 1032 3556">
     <span class='ocr_line' id='line_1_26' title="bbox 155 2969 1032 3040; baseline -0.005 -2"><span class='ocrx_word' id='word_1_161' title='bbox 155 2973 194 3038; x_wconf 93' lang='lat' dir='ltr'>C.</span> <span class='ocrx_word' id='word_1_162' title='bbox 217 2972 355 3038; x_wconf 89' lang='lat' dir='ltr'>Asinius</span> <span class='ocrx_word' id='word_1_163' title='bbox 379 2972 486 3040; x_wconf 92' lang='lat' dir='ltr'>Pollio</span> <span class='ocrx_word' id='word_1_164' title='bbox 516 2982 616 3038; x_wconf 87' lang='lat' dir='ltr'>natus</span> <span class='ocrx_word' id='word_1_165' title='bbox 640 2995 729 3038; x_wconf 90' lang='lat' dir='ltr'>anno</span> <span class='ocrx_word' id='word_1_166' title='bbox 758 2980 838 3037; x_wconf 91' lang='lat' dir='ltr'>ante</span> <span class='ocrx_word' id='word_1_167' title='bbox 861 2969 1032 3036; x_wconf 90' lang='lat' dir='ltr'>Christum</span> 
     </span>
     <span class='ocr_line' id='line_1_27' title="bbox 54 3072 1031 3143; baseline -0.003 -2"><span class='ocrx_word' id='word_1_168' title='bbox 54 3087 169 3143; x_wconf 86' lang='lat' dir='ltr'>natum</span> <span class='ocrx_word' id='word_1_169' title='bbox 202 3074 361 3141; x_wconf 89' lang='lat' dir='ltr'>LXXVI.</span> <span class='ocrx_word' id='word_1_170' title='bbox 395 3076 571 3141; x_wconf 89' lang='lat' dir='ltr'>historiam</span> <span class='ocrx_word' id='word_1_171' title='bbox 604 3074 770 3140; x_wconf 91' lang='lat' dir='ltr'>bellorum</span> <span class='ocrx_word' id='word_1_172' title='bbox 803 3073 954 3140; x_wconf 85' lang='lat' dir='ltr'>civilium</span> <span class='ocrx_word' id='word_1_173' title='bbox 988 3072 1031 3138; x_wconf 90' lang='lat' dir='ltr'>ab</span> 
     </span>
     <span class='ocr_line' id='line_1_28' title="bbox 54 3177 1028 3267; baseline -0.004 -23"><span class='ocrx_word' id='word_1_174' title='bbox 54 3203 141 3246; x_wconf 88' lang='lat' dir='ltr'>anno</span> <span class='ocrx_word' id='word_1_175' title='bbox 164 3180 239 3245; x_wconf 90' lang='lat' dir='ltr'>LX.</span> <span class='ocrx_word' id='word_1_176' title='bbox 277 3180 450 3267; x_wconf 89' lang='lat' dir='ltr'>usquead</span> <span class='ocrx_word' id='word_1_177' title='bbox 482 3201 631 3266; x_wconf 86' lang='lat' dir='ltr'>pugnam</span> <span class='ocrx_word' id='word_1_178' title='bbox 658 3177 905 3265; x_wconf 88' lang='lat' dir='ltr'>Philippensem</span> <span class='ocrx_word' id='word_1_179' title='bbox 938 3197 1028 3241; x_wconf 89' lang='lat' dir='ltr'>anno</span> 
     </span>
     <span class='ocr_line' id='line_1_29' title="bbox 56 3281 1031 3369; baseline -0.005 -21"><span class='ocrx_word' id='word_1_180' title='bbox 56 3283 164 3349; x_wconf 84' lang='lat' dir='ltr'>XLII.</span> <span class='ocrx_word' id='word_1_181' title='bbox 196 3287 407 3350; x_wconf 91' lang='lat' dir='ltr'>commissam</span> <span class='ocrx_word' id='word_1_182' title='bbox 440 3284 636 3369; x_wconf 89' lang='lat' dir='ltr'>composuit.</span> <span class='ocrx_word' id='word_1_183' title='bbox 683 3281 824 3347; x_wconf 88' lang='lat' dir='ltr'>eandem</span> <span class='ocrx_word' id='word_1_184' title='bbox 853 3282 1031 3346; x_wconf 89' lang='lat' dir='ltr'>materiam</span> 
     </span>
     <span class='ocr_line' id='line_1_30' title="bbox 56 3382 1031 3472; baseline -0.004 -22"><span class='ocrx_word' id='word_1_185' title='bbox 56 3387 202 3471; x_wconf 84' lang='lat' dir='ltr'>hugusti</span> <span class='ocrx_word' id='word_1_186' title='bbox 231 3397 264 3452; x_wconf 89' lang='lat' dir='ltr'>et</span> <span class='ocrx_word' id='word_1_187' title='bbox 288 3387 414 3452; x_wconf 86' lang='lat' dir='ltr'>Tiberii</span> <span class='ocrx_word' id='word_1_188' title='bbox 445 3385 650 3472; x_wconf 90' lang='lat' dir='ltr'>temporibus</span> <span class='ocrx_word' id='word_1_189' title='bbox 673 3385 714 3451; x_wconf 87' lang='lat' dir='ltr'>A.</span> <span class='ocrx_word' id='word_1_190' title='bbox 738 3383 927 3450; x_wconf 90' lang='lat' dir='ltr'>Cremutius</span> <span class='ocrx_word' id='word_1_191' title='bbox 952 3382 1031 3447; x_wconf 89' lang='lat' dir='ltr'>Cor-</span> 
     </span>
     <span class='ocr_line' id='line_1_31' title="bbox 59 3485 1030 3556; baseline -0.004 -2"><span class='ocrx_word' id='word_1_192' title='bbox 59 3491 114 3556; x_wconf 89' lang='lat' dir='ltr'>dus</span> <span class='ocrx_word' id='word_1_193' title='bbox 142 3492 307 3556; x_wconf 89' lang='lat' dir='ltr'>tractavit</span> <span class='ocrx_word' id='word_1_194' title='bbox 343 3499 376 3555; x_wconf 90' lang='lat' dir='ltr'>et</span> <span class='ocrx_word' id='word_1_195' title='bbox 413 3488 552 3556; x_wconf 89' lang='lat' dir='ltr'>laudato</span> <span class='ocrx_word' id='word_1_196' title='bbox 587 3489 631 3554; x_wconf 92' lang='lat' dir='ltr'>M.</span> <span class='ocrx_word' id='word_1_197' title='bbox 665 3488 770 3554; x_wconf 88' lang='lat' dir='ltr'>Bruto</span> <span class='ocrx_word' id='word_1_198' title='bbox 805 3486 842 3553; x_wconf 91' lang='lat' dir='ltr'>C.</span> <span class='ocrx_word' id='word_1_199' title='bbox 877 3485 1030 3552; x_wconf 89' lang='lat' dir='ltr'>Cassium</span> 
     </span>
    </p>
   </div>
   <div class='ocr_carea' id='block_1_3' title="bbox 0 0 1278 4084">
    <p class='ocr_par' dir='ltr' id='par_1_6' title="bbox 0 0 1278 4084">
     <span class='ocr_line' id='line_1_32' title="bbox 0 0 1278 4084; baseline 0 0"><span class='ocrx_word' id='word_1_200' title='bbox 0 0 1278 4084; x_wconf 95' lang='lat' dir='ltr'> </span> 
     </span>
    </p>
   </div>
  </div>
 </body>
</html>
