2552 4084
225 291 266 358 70
547 292 720 344 CORNELII
738 291 860 342 rncl‘rr

325 481 378 548 24.
402 483 536 565 Quanto
552 481 732 549 violentior
754 494 867 549 cetero
890 483 975 548 mari
991 480 1152 548 Oceanus
1168 491 1196 544 et
1261 495 1262 498 ’

223 585 426 654 truculentia
455 585 543 652 caeli
577 597 730 673 praestat
752 583 952 667 Germania,
981 595 1115 652 tantum
1143 582 1196 650 illa

222 690 340 758 clades
363 692 517 757 novitate
540 701 573 756 et
588 689 822 774 magnitudine
839 689 996 770 excessit,
1020 686 1195 753 hostilibus

222 796 350 860 circum
364 793 520 861 litoribus
544 804 603 860 aut
620 796 668 860 ita
684 803 782 860 vasto
807 803 840 858 et
861 791 1027 879 profundo
1044 793 1141 876 mari,
1163 802 1197 856 ut

183 912 196 954 ὅ
222 897 383 966 credatur
405 899 624 964 novissimum
652 919 693 963 ao
718 899 791 962 sine
814 899 923 962 terris.
952 918 1032 982 pars
1063 897 1198 961 navium

221 1001 365 1068 haustae
394 1011 488 1086 sunt,
515 999 628 1087 plnres
658 1001 749 1086 apud
784 999 913 1066 insulas
947 1000 1080 1084 longius
1117 1001 1196 1065 sitas

222 1106 370 1189 61661661
393 1103 555 1192 milesque
577 1103 671 1170 nullo
695 1103 765 1170 illic
789 1103 958 1170 hominum
988 1101 1084 1168 cultu
1112 1104 1197 1168 fame

222 1207 430 1294 absumptus,
452 1209 519 1274 nisi
542 1230 626 1295 quos
642 1230 785 1295 corpora
808 1229 967 1294 equorum
983 1206 1102 1273 eodem
1118 1205 1197 1272 elisa

221 1310 462 1378 toleraverant.
494 1309 566 1378 sola
596 1309 791 1378 Germanici
819 1313 965 1378 triremis
989 1308 1198 1378 Chaucorum

170 1431 195 1472 ¹⁰
222 1423 349 1480 terram
372 1413 520 1501 adpulit,
545 1435 641 1501 quem
663 1437 723 1501 per
747 1436 861 1480 omnes
885 1413 962 1478 illos
978 1413 1051 1479 dies
1066 1424 1197 1480 noctes·

219 1539 283 1606 que
318 1518 407 1604 apud
435 1518 590 1604 scopulos
614 1528 648 1584 et
672 1519 892 1604 prominentis
924 1539 1018 1600 oras,
1053 1539 1131 1584 cum
1165 1540 1198 1583 se

220 1622 308 1688 tanti
322 1621 419 1688 exitii
431 1643 523 1688 reum
535 1619 737 1705 clamitaret,
753 1623 812 1688 vix
824 1619 1004 1687 cohibuere
1017 1623 1122 1688 amici
1137 1643 1197 1708 quo

219 1725 329 1790 minus
365 1724 484 1791 eodem
518 1726 603 1791 mari
627 1733 809 1812 oppeteret.
851 1724 989 1791 tandem
1022 1725 1197 1792 relabente

221 1837 318 1894 aestu
352 1839 385 1895 61
420 1829 630 1896 secundante
665 1837 766 1894 vento
801 1827 945 1894 claudae
979 1849 1087 1893 naves
1123 1851 1197 1895 raro

127 1981 131 1990 .
169 1945 193 1986 ¹⁶
220 1933 361 2016 remigio
385 1944 444 2000 aut
467 1934 607 2000 intentis
630 1931 794 2016 vestibus,
818 1941 851 1997 61
875 1931 1042 2018 quaedam
1072 1955 1093 1996 a
1116 1929 1198 1996 vali·

220 2034 371 2102 dioribus
396 2045 544 2115 tractae,
573 2045 757 2121 revertere,
792 2057 875 2122 quas
898 2037 1023 2121 raptim
1051 2036 1198 2101 refectas

219 2139 321 2223 misit,
344 2149 381 2205 ut
397 2150 630 2208 scrutarentur
650 2139 792 2206 insulas.
815 2137 952 2206 collecti
969 2161 1009 2202 ea
1025 2159 1109 2204 cura
1131 2139 1197 2224 ple·

219 2243 329 2329 rique:
352 2243 477 2310 multos
506 2242 714 2330 Ampsivarii
737 2265 844 2329 nuper
872 2245 907 2308 in
940 2242 1042 2309 fidem
1065 2245 1197 2328 accepti

218 2344 410 2432 redemptos
445 2346 489 2414 ab
524 2346 739 2414 interioribus
763 2346 963 2431 reddidere,
996 2346 1138 2433 quidam
1164 2350 1196 2411 in

166 2463 192 2503 20
218 2447 433 2516 Britanniam
455 2452 544 2538 rapti
569 2459 603 2516 61
625 2451 760 2517 remissi
784 2473 805 2516 a
827 2449 965 2534 regulis.
996 2458 1034 2514 ut
1058 2453 1133 2536 quis
1157 2473 1197 2515 ex

217 2550 400 2639 longinquo
422 2563 609 2638 revenerat,
631 2552 796 2619 miracula
817 2553 1015 2637 narrabant,
1038 2555 1108 2620 vim
1131 2563 1196 2620 tur·

218 2655 334 2722 binum
357 2667 390 2722 et
414 2657 586 2725 inauditas
608 2656 774 2740 volucres,
797 2666 949 2722 monstra
972 2659 1093 2740 maris,
1130 2681 1195 2722 am-

216 2757 339 2842 biguas
363 2757 533 2826 hominum
558 2770 590 2825 61
607 2759 781 2826 beluarum
797 2759 934 2843 formas,
958 2763 1033 2825 visa
1058 2762 1131 2826 sive
1154 2783 1194 2826 ex

218 2871 310 2928 metu
333 2862 475 2931 credita.

320 2963 372 3032 25.
397 2965 464 3033 Sed
493 2968 583 3034 lama
612 2966 735 3033 classis
766 2968 913 3032 amissae
947 2976 984 3032 ut
1008 2963 1195 3034 Germanos

217 3067 263 3134 ad
285 3090 377 3154 spem
391 3070 483 3154 belli,
507 3073 555 3136 ita
572 3068 754 3137 Caesarem
778 3069 823 3135 ad
839 3069 1062 3136 coercendum
1077 3074 1195 3137 erexit.

217 3169 254 3236 C.
279 3169 361 3238 Silio
385 3195 462 3240 cum
478 3176 620 3258 triginta
635 3173 795 3260 peditum,
819 3173 929 3239 tribus
946 3174 1096 3260 equitum
1110 3175 1194 3240 mili-

215 3274 279 3340 bus
303 3276 351 3341 ire
374 3277 409 3340 in
433 3275 574 3344 Chattos
597 3280 759 3365 imperat;
782 3277 855 3364 ipse
877 3276 1062 3344 maioribus
1087 3280 1194 3365 copiis

177 3393 191 3434 o
216 3377 349 3446 Marsos
373 3381 543 3468 inrumpit,
567 3403 706 3467 quorum
737 3381 807 3447 dux
828 3381 1065 3448 Mallovendus
1089 3404 1195 3468 nuper

217 3483 253 3547 in
285 3481 494 3550 deditionem
521 3494 680 3572 acceptus
708 3487 895 3572 propinquo
924 3485 1000 3552 luco
1025 3486 1194 3552 defossam

218 3584 393 3652 Varianae
420 3587 564 3672 legionis
594 3588 742 3675 aquilam
763 3588 896 3655 modico
925 3588 1097 3676 praesidio
1129 3613 1195 3656 ser·
