2530 4084
230 321 291 388 126
551 321 724 372 CORNELII
742 321 864 371 raeiri

226 515 317 580 viros
341 534 381 579 ac
398 513 540 579 feminas
557 511 734 596 vulgatam
757 513 855 596 gravi
877 514 1012 577 nomine
1035 511 1215 576 laesarum

176 653 200 692 10
227 616 428 703 religionum
451 638 491 682 ac
515 616 664 682 violatae
686 618 878 682 maiestatis
902 614 1109 703 appellando
1145 614 1214 679 cle·

225 721 387 789 mantiam
409 723 573 786 maiorum
588 742 733 807 suasque
755 723 828 807 ipse
843 720 937 805 leges
953 718 1212 804 egrediebatur.

228 823 288 892 sod
310 823 453 890 aliorum
477 825 598 907 exitus,
623 822 720 889 simul
744 834 857 889 uetera
880 822 971 888 illius
987 824 1116 888 aetatis
1143 843 1211 886 me·

225 928 373 1012 rnorabo,
398 927 426 993 si
444 927 571 993 effectis
591 928 625 992 in
649 949 734 1013 quae
758 926 886 992 tetendi
902 926 1015 1012 plures
1033 925 1080 992 ad
1103 945 1211 990 curas

225 1034 330 1100 vitam
363 1029 562 1120 produxero.
607 1031 650 1095 D.
689 1030 824 1097 Silanus
859 1033 894 1095 in
927 1033 1021 1117 nepti
1056 1029 1210 1115 Augusti

173 1169 198 1220 1,
226 1135 369 1220 adulter,
393 1156 594 1222 quamquam
610 1157 677 1199 non
693 1135 784 1200 ultra
799 1135 885 1199 foret
903 1136 1080 1218 saevitum,
1106 1157 1211 1222 quam

224 1250 261 1308 ut
286 1241 438 1307 amicitia
470 1237 628 1305 Caesaris
664 1239 915 1326 prohiberetur,
950 1237 1110 1304 exsilium
1142 1237 1210 1303 sibi

226 1343 450 1410 demonstrari
486 1342 671 1428 intellexit,
706 1365 768 1409 neo
804 1345 870 1408 nisi
899 1342 1035 1407 Tiberio
1070 1343 1209 1428 imperi·

224 1457 319 1514 tante
354 1445 529 1534 deprecari
562 1457 715 1512 renatum
745 1469 785 1511 ac
814 1448 1001 1532 principem
1023 1469 1130 1512 ausus
1156 1455 1208 1511 est

224 1549 267 1616 M.
286 1549 394 1617 Silani
417 1549 533 1615 fratris
557 1549 662 1615 fretus
685 1553 848 1635 potentia,
872 1552 928 1637 qui
951 1572 1011 1636 per
1034 1551 1209 1633 insignem

172 1683 197 1726 ro
223 1653 435 1721 nobilitatem
459 1662 491 1718 et
516 1652 740 1741 eloquentiam
763 1652 1001 1740 praecellebat.
1026 1653 1087 1718 sed
1103 1653 1208 1718 Tibe·

222 1759 290 1826 rius
314 1759 421 1843 gratis
444 1759 561 1842 agenti
578 1755 693 1823 Silano
716 1758 871 1842 patribus
895 1779 1009 1822 coram
1024 1757 1207 1842 respondit

223 1883 258 1928 se
288 1883 417 1948 quoque
446 1859 583 1944 laetari,
612 1859 702 1946 quod
731 1861 837 1925 frater
865 1863 935 1926 eius
967 1863 1206 1946 eperegrina-

221 1965 314 2031 tione
349 1963 533 2052 longinqua
567 1965 781 2048 revertisset,
820 1965 920 2051 idque
954 1967 1024 2030 iure
1059 1964 1206 2048 licitum,
1259 1964 1260 2011 l

223 2069 301 2155 quia
324 2089 391 2133 non
415 2076 551 2133 senatus
575 2066 745 2151 consulto,
768 2090 837 2132 non
860 2067 935 2152 lege
957 2067 1074 2154 pulsus
1098 2070 1205 2134 foret:

171 2199 196 2242 rs
224 2169 288 2238 sibi
319 2181 432 2238 tamen
469 2169 632 2237 adversus
667 2193 742 2236 eum
776 2173 927 2256 integras
961 2173 1116 2258 parentis
1152 2174 1204 2236 sui

222 2273 437 2358 offensiones,
471 2295 578 2362 neque
617 2271 729 2340 reditu
764 2272 873 2340 Silani
908 2274 1073 2340 dissoluta
1116 2297 1203 2361 quac

221 2375 394 2462 Augustus
424 2377 595 2444 voluisset.
640 2377 704 2444 fuit
742 2378 883 2464 posthac
914 2380 948 2444 in
976 2379 1060 2444 urbe
1091 2401 1204 2466 neque

220 2479 363 2546 honores
389 2478 531 2567 adeptus
556 2490 616 2546 est.

324 2583 556 2650 assolatum
580 2583 658 2649 dein
688 2585 729 2650 de
752 2585 961 2650 moderanda
983 2586 1091 2672 Papia
1115 2587 1199 2674 Pop·
1257 2663 1258 2678 ,

219 2709 316 2775 paea,
340 2710 439 2775 quam
462 2689 574 2755 senior
589 2688 763 2773 Augustus
787 2699 863 2775 post
878 2689 983 2754 Iulias
1000 2693 1199 2775 rogationes

221 2791 404 2858 incitandis
443 2791 611 2858 caelibum
648 2794 764 2878 poenis
800 2802 833 2857 et
873 2793 1029 2877 augendo
1065 2797 1199 2859 aerario

221 2904 392 2961 sanxerat.
415 2916 478 2960 neo
495 2895 570 2960 ideo
587 2897 746 2981 coniugia
764 2905 797 2961 et
813 2895 1031 2962 educationes
1054 2897 1199 2963 liberum

180 3023 193 3066 o
219 2997 531 3084 frequentabantur,
547 2998 747 3084 praevalida
764 2999 926 3065 orbitate:
949 3009 1100 3066 ceterum
1116 3003 1199 3067 mul-
1256 3059 1257 3080 ,

220 3098 329 3167 titudo
352 3101 617 3188 periclitantium
640 3102 825 3187 gliscebat,
849 3125 925 3168 cum
948 3107 1053 3170 omnis
1080 3105 1197 3171 domus
1256 3089 1257 3169 l

220 3202 408 3270 delatorum
431 3206 768 3292 interpretationibus
793 3205 1055 3292 subverteretur,
1092 3219 1195 3296 utque

219 3308 364 3372 antehae
386 3307 542 3392 flagitiis,
566 3309 615 3373 ita
638 3318 719 3373 tuno
743 3308 875 3392 legibus
899 3310 1131 3377 laborabatur.
1155 3335 1195 3378 ea

218 3431 270 3475 res
288 3409 458 3492 admonet,
480 3420 517 3475 ut
534 3410 575 3475 de
591 3413 765 3497 principiis
783 3414 876 3496 iuris,
900 3422 932 3478 et
949 3413 1069 3499 quibus
1087 3415 1193 3481 modis

166 3541 192 3586 to
220 3511 265 3576 ad
298 3511 387 3576 hano
423 3510 671 3578 multitudinem
714 3515 881 3580 infinitam
916 3539 956 3581 ao
992 3520 1193 3586 varietatem
1255 3489 1256 3555 l

217 3610 330 3696 legum
351 3623 548 3698 perventum
571 3617 625 3700 sit,
649 3616 749 3683 altius
775 3617 949 3686 disseram.
