2500 4084
256 331 302 382 AB
320 329 485 381 Exonsso
502 328 660 382 AUGUSTI
678 330 725 380 VI.
744 331 854 380 31-33.
980 329 1043 393 239

48 519 232 587 aemulum
248 519 435 604 Artabano,
459 519 767 606 reciperandaeque
783 518 964 585 Armeniae
980 518 1039 582 Hi·
1072 538 1097 577 n

49 625 182 690 berum
203 623 424 689 Mithridaten
449 623 568 708 deligit
589 623 816 709 conciliatque
837 623 936 689 fratri
959 623 1045 688 Pha·

50 729 225 811 rasmani,
242 729 297 814 qui
311 726 437 811 gentile
454 728 627 814 imperium
641 725 833 811 obtinebat3
850 736 884 791 et
900 727 1043 810 cunctis,

52 855 150 918 quae
192 830 282 918 apud
317 830 490 896 Orientem
527 830 752 916 parabantur,
790 831 830 896 L.
869 829 1044 896 Vitellium

51 935 238 1020 praefecit.
285 956 323 998 eo
354 933 394 998 de
422 933 556 999 homine
583 933 675 998 haud
706 956 777 999 sum
800 937 940 1018 ignarus
964 935 1044 999 sini-

53 1049 172 1104 stram
196 1039 231 1102 in
248 1037 336 1103 ¹urbe
364 1037 505 1120 famam,
534 1037 694 1124 pleraque
723 1037 823 1102 foeda
853 1039 1041 1121 memorari,
1070 1057 1095 1095 2⁰

54 1151 215 1207 ceterum
237 1143 271 1206 in
294 1141 453 1226 regendis
477 1143 660 1227 provinciis
684 1142 796 1227 prisca
820 1143 947 1206 virtute
963 1142 1042 1224 egit.

54 1247 154 1311 unde
178 1266 351 1330 regressus
376 1255 408 1311 et
431 1245 610 1311 formidine
626 1244 693 1310 Gai
708 1243 877 1329 Caesaris,
900 1244 1043 1310 familia-

55 1351 168 1414 ritate
184 1348 319 1415 Claudii
342 1359 438 1435 turpe
460 1351 494 1413 in
519 1351 692 1415 servitium
706 1358 854 1414 mutatus
872 1347 1045 1434 exemplar

59 1451 159 1538 apud
180 1462 333 1540 posteros
357 1453 541 1519 adulatorii
559 1453 734 1519 dedecoris
757 1451 911 1535 habetur,
935 1473 1043 1517 cesse·

58 1566 209 1643 runtque
231 1559 339 1644 prima
362 1559 550 1644 postremis,
575 1567 608 1622 et
630 1557 720 1622 bona
744 1558 903 1622 iuventae
926 1579 1039 1622 senec·
1069 1572 1095 1614 ²⁵

59 1671 118 1726 tus
141 1661 313 1746 flagitiosa
337 1661 558 1727 oblitteravit.

170 1764 221 1830 33.
245 1765 291 1830 At
322 1787 365 1830 ex
393 1764 519 1849 regulis
547 1767 639 1852 prior
661 1765 877 1832 Mithridates
900 1763 1043 1828 Pharas·

60 1890 198 1933 manem
226 1868 373 1954 perpulit
403 1867 479 1933 dolo
503 1878 536 1932 et
566 1869 601 1932 vi
632 1878 773 1934 conatus
810 1890 888 1934 suos
916 1869 1043 1953 iuvare,

60 1973 255 2058 repertique
271 1981 483 2058 corruptores
499 1972 671 2036 ministros
687 1971 826 2036 Arsacis
842 1972 946 2038 multo
963 1993 1044 2038 auro

62 2075 111 2139 ad
136 2074 246 2140 scelus
270 2083 414 2159 cogunt3
439 2074 536 2140 simul
560 2074 679 2140 Hiberi
703 2078 835 2160 magnis
860 2077 965 2162 copiis
982 2074 1044 2141 Ar·

61 2179 211 2244 moniam
245 2181 439 2264 inrumpunt
469 2188 502 2244 et
535 2179 619 2244 urbe
655 2178 827 2245 Artaxata
858 2181 1042 2265 potiuntur.
1071 2210 1083 2249 5

63 2303 154 2367 quae
182 2291 359 2368 postquam
382 2281 559 2348 Artabano
588 2285 744 2367 cognita,
772 2283 877 2348 filium
908 2282 1044 2348 Oroden

62 2384 209 2450 ultorem
237 2395 352 2472 parat3
384 2386 443 2452 dat
465 2385 667 2452 Parthorum
697 2387 827 2471 copias,
860 2388 965 2452 mittit
988 2387 1044 2472 qui

63 2488 197 2555 auxilia
234 2489 388 2555 mercede
430 2490 601 2556 facerent:
642 2500 762 2556 contra
798 2490 1044 2556 Pharasmanes

64 2594 252 2678 adiungere
267 2593 429 2678 Albanos,
455 2597 568 2660 accire
584 2593 771 2678 Sarmatas,
795 2616 933 2680 quorum
950 2616 1043 2681 soep-

64 2698 160 2763 tuchi
191 2700 359 2784 utrimque
389 2698 484 2763 donis
515 2701 664 2786 acceptis
700 2721 792 2764 more
827 2700 963 2782 gentico
993 2698 1041 2763 di·
1070 2728 1095 2767 ιο

63 2823 164 2866 versa
188 2801 337 2866 induere.
362 2801 422 2866 sed
439 2801 558 2867 Hiberi
581 2801 731 2869 locorum
746 2812 899 2889 potentes
917 2801 1043 2888 Caspia
1134 2851 1137 2857 -

64 2907 123 2970 via
147 2903 338 2972 Sarmatam
362 2908 395 2970 in
419 2905 595 2972 Armenios
626 2907 750 2994 raptim
779 2907 962 2972 effundunt.
1008 2917 1043 2972 at

66 3009 123 3095 qui
146 3008 281 3073 Parthis
305 3009 556 3093 adventabant,
590 3008 691 3076 facile
714 3009 935 3094 arcebantur,
970 3032 1044 3076 cum

66 3111 151 3177 alios
190 3114 341 3178 incessus
378 3114 485 3178 hostis
519 3112 712 3197 clausisset,
745 3137 847 3180 unum
879 3113 1044 3200 reliquum

66 3239 160 3282 mare
182 3219 270 3282 inter
294 3227 326 3282 et
350 3226 517 3283 extremos
541 3217 751 3284 Albanorum
773 3227 905 3285 montes
929 3228 1042 3284 aestas
1070 3243 1094 3282 rs

67 3321 252 3406 impediret,
277 3323 355 3406 quia
377 3321 513 3387 flatibus
538 3323 717 3389 etesiarum
740 3323 920 3410 implentur
935 3324 1042 3392 vada:

66 3423 225 3490 hibernus
249 3435 364 3490 auster
386 3425 530 3491 revolvit
551 3427 671 3492 fluctus
694 3427 856 3514 pulsoque
879 3430 1042 3498 introrsus

68 3534 153 3597 freto
176 3528 293 3594 brevia
315 3529 451 3594 litorum
474 3530 655 3597 nudantur.
