2552 4084
292 313 338 366 AB
357 314 523 366 EXCESSU
540 313 700 366 AUGUSTI
718 314 754 367 11.
774 315 886 368 tt—so.
1034 313 1075 380 87

95 503 262 572 Aemiliae
289 503 422 587 Musae,
456 501 633 591 locupletis
673 504 871 586 intestatae,
904 505 1011 588 petita
1040 507 1075 570 in

94 610 225 692 fiscum,
248 606 391 674 Aemilio
414 606 560 694 Lepido,
590 608 684 674 cuius
714 629 731 672 e
760 605 857 673 domo
885 606 1075 692 videbatur,

94 723 129 779 et
162 710 319 777 Pantulei
354 710 469 777 divitis
511 712 631 797 equitis
665 710 807 776 Romani
839 710 1072 796 hereditatem,
1100 727 1113 767 ⁵

94 836 297 902 quamquam
320 816 390 900 ipse
414 813 508 880 heres
538 816 573 878 in
595 823 691 900 parte
719 811 902 898 legeretur,
932 814 1075 880 tradidit

93 918 139 983 M.
165 915 319 1000 Servilio,
348 939 446 1003 quem
466 916 632 1004 prioribus
660 938 766 1003 neque
790 919 954 1003 suspectis
979 917 1073 984 tabu-

93 1020 134 1086 lis
162 1021 323 1107 scriptum
346 1031 564 1107 compererat,
587 1019 801 1088 nobilitatem
822 1021 995 1107 utriusque
1018 1043 1073 1108 pe-

94 1125 196 1190 cunia
213 1123 396 1190 iuvandam
406 1124 589 1210 praefatus.
606 1146 713 1210 neque
730 1122 952 1189 hereditatem
965 1126 1072 1190 euius-

93 1251 197 1313 quam
213 1227 298 1292 adiit
320 1229 386 1292 nisi
403 1251 478 1293 cum
501 1229 651 1293 anricitia
674 1229 863 1292 meruisset:
887 1229 1020 1311 ignotos
1038 1238 1072 1295 et
1100 1247 1125 1286 10

93 1331 172 1396 aliis
196 1329 344 1396 infensos
369 1352 472 1416 eoque
494 1331 679 1417 principem
701 1340 934 1417 nuncupantes
957 1332 1073 1417 procul

92 1432 246 1500 arcebat.
270 1443 417 1500 ceterum
438 1444 475 1499 ut
490 1433 666 1500 honestam
683 1435 912 1499 innocentium
933 1457 1073 1522 pauper·

92 1549 201 1604 tatem
223 1538 366 1620 levavit,
389 1538 437 1601 ita
465 1536 623 1624 prodigos
647 1547 681 1602 et
705 1536 746 1602 ob
769 1536 901 1620 flagitia
924 1548 1072 1622 egentes,

92 1641 269 1708 Vibidium
283 1641 470 1724 Virronem,
493 1640 638 1706 Marium
651 1640 824 1726 Nepotem,
847 1640 991 1727 Appium
1006 1642 1072 1730 Ap-

91 1748 244 1832 pianum,
280 1743 471 1810 Oornelium
506 1742 648 1827 Sullam,
683 1744 723 1826 Q.
757 1744 932 1810 Vitellium
965 1748 1070 1811 movit
1098 1763 1123 1804 1⁵

93 1858 216 1915 senatu
238 1858 297 1914 aut
321 1859 437 1934 sponte
461 1847 580 1914 cedere
603 1870 721 1934 passus
746 1857 808 1914 est.

197 1949 249 2014 49.
271 1950 384 2016 Isdem
413 1951 614 2037 temporibus
647 1952 744 2017 deum
772 1951 872 2018 aedes
902 1962 1072 2020 vetustate

91 2066 151 2120 aut
174 2056 247 2138 igni
263 2054 408 2120 abolitas
425 2065 628 2141 coeptasque
651 2055 695 2121 ab
711 2055 865 2140 Augusto
890 2056 1071 2142 dedicavit,

89 2157 217 2224 Libero
239 2157 450 2243 Liberaeque
484 2167 517 2223 et
540 2155 654 2224 Cereri
682 2160 778 2224 iuxta
809 2161 936 2225 circum
963 2162 1071 2225 maxi-

90 2284 192 2344 mum,
215 2283 315 2346 quam
334 2259 375 2325 A.
390 2260 579 2326 Postumius
604 2260 753 2326 dictator
766 2271 916 2346 voverat,
941 2263 1071 2329 eodem·

91 2385 155 2449 que
191 2363 225 2428 in
259 2362 333 2428 loco
367 2361 486 2428 aedem
518 2362 641 2430 Florae
676 2363 719 2430 ab
752 2363 859 2431 Lucio
894 2375 927 2431 et
954 2366 1071 2433 Marco
1098 2382 1111 2423 ⁵

88 2466 253 2532 Publiciis
278 2466 443 2533 aedilibus
468 2469 701 2551 constitutam,
730 2479 764 2533 et
792 2469 875 2534 Iano
904 2470 1071 2556 templum,

90 2571 183 2658 quod
206 2571 296 2658 apud
318 2572 426 2638 forum
448 2570 641 2638 holitorium
670 2569 707 2636 O.
730 2572 865 2638 Duilius
889 2583 1071 2658 struxerat,

93 2677 151 2760 qui
185 2677 309 2761 primus
340 2698 410 2741 rem
436 2674 623 2740 Romanam
655 2699 812 2763 prospere
846 2679 931 2754 mari
965 2679 1071 2762 gessit

90 2778 361 2864 triumphumque
399 2780 557 2845 navalem
592 2780 632 2846 de
661 2781 783 2846 Poenis
817 2782 947 2845 meruit.
993 2780 1071 2868 Spei

90 2883 194 2950 aedes
219 2906 239 2948 a
263 2880 466 2950 Germanico
490 2893 660 2950 sacratur:
688 2882 776 2950 hane
800 2883 840 2949 A.
863 2883 988 2950 Atilius
1014 2908 1070 2952 vo·
1098 2902 1124 2941 1⁰

90 2997 189 3053 verat
204 2986 329 3053 ‘eodem
350 2985 451 3053 bello.

194 3088 245 3152 50.
281 3088 509 3158 Adolescebat
541 3093 671 3158 interea
701 3091 758 3157 lex
791 3093 991 3159 maiestatis.
1037 3104 1071 3160 et

91 3193 292 3280 Appuleiam
307 3192 484 3275 Varillam,
508 3196 630 3260 sororis
655 3193 801 3278 Augusti
824 3207 969 3282 neptem,
993 3198 1070 3283 quia

88 3295 259 3383 probrosis
276 3296 483 3363 sermonibus
502 3297 616 3363 divum
629 3296 817 3383 Augustum
840 3322 881 3364 ac
898 3299 1071 3364 Tiberium

89 3411 123 3464 et
146 3409 289 3465 matrem
311 3401 381 3465 eiua
401 3401 574 3466 inlusisset
590 3399 795 3487 Caesarique
819 3423 951 3467 conexa
974 3401 1069 3467 adul-

89 3503 172 3568 terio
197 3512 384 3588 teneretur,
419 3505 607 3570 maiestatis
641 3504 772 3569 delator
795 3504 1001 3570 arcessebat.
1027 3505 1068 3572 de
1096 3521 1109 3563 ⁵

90 3602 255 3672 adulterio
279 3606 362 3672 satis
386 3608 500 3673 caveri
522 3606 597 3691 lege
619 3605 706 3672 Iulia
730 3609 855 3673 visum:
877 3609 1066 3674 maiestatis
