2500 4084
258 325 304 375 AB
322 321 486 374 Excusso
504 321 662 374 AUGUSTI
679 321 726 373 lV.
745 322 856 372 at-at.
985 319 1046 385 183

68 518 214 584 saevitia
242 517 296 583 usi
326 523 421 599 sunt,
454 515 524 580 nisi
560 513 706 579 dedecus
742 511 807 578 sibi
841 519 943 598 atque
977 509 1045 576 illis

69 621 213 706 gloriam
234 641 404 708 peperere.

172 723 223 788 36.
253 722 411 789 Ceterum
438 721 650 808 postulandis
674 719 741 785 reis
771 729 841 784 tam
870 719 1048 784 continuus

70 850 178 894 annus
212 828 290 911 fuit,
320 836 357 892 ut
381 826 541 891 feriarum
570 824 774 890 Latinarum
804 820 924 888 diebus
952 844 1048 908 prae-

69 933 195 998 fectum
216 928 309 996 urbis
332 929 495 1010 Drusum,
525 926 727 1014 auspicandi
757 927 870 1011 gratia
898 924 1049 991 tribunal

71 1037 271 1118 ingressum,
295 1031 419 1097 adierit
434 1028 636 1117 Calpurnius
654 1028 834 1095 Salvianus
859 1031 894 1094 in
910 1026 1050 1093 Sextum

69 1137 234 1202 Marium:
258 1134 347 1222 quod
370 1157 390 1198 a
414 1133 561 1199 Caesare
583 1131 697 1219 palam
720 1134 921 1219 increpitum
944 1155 1049 1197 causa
1077 1150 1090 1190 a

71 1239 184 1307 exsilii
208 1238 368 1304 Salviano
392 1239 464 1303 fuit.
490 1237 623 1304 obiecta
646 1236 780 1323 publice
796 1236 975 1324 Cyzicenis
999 1237 1049 1300 in·

74 1347 166 1411 ouria
190 1344 470 1409 caerimoniarum
495 1342 565 1408 divi
588 1341 744 1426 Augusti,
770 1341 897 1408 additis
921 1340 1048 1406 violen-

72 1448 140 1513 tiae
164 1446 361 1512 criminibus
386 1445 565 1512 adversum
588 1447 681 1512 cives
703 1446 885 1511 Romanos.
910 1455 943 1510 et
967 1445 1048 1531 ami-

72 1573 143 1616 sere
158 1549 361 1633 libertatem,
386 1570 485 1636 quam
505 1548 595 1614 bello
612 1549 822 1616 Mithridatis
846 1557 1049 1631 meruerant,

72 1655 285 1721 circumsessi
308 1676 370 1719 nec
394 1655 503 1718 minus
528 1675 587 1719 sua
611 1654 806 1719 constantia
829 1674 930 1738 quam
952 1673 1048 1737 prae·
1077 1669 1101 1707 10

72 1757 156 1824 sidio
178 1755 316 1822 Luculli
339 1755 435 1842 pulso
457 1777 548 1841 rege.
579 1766 614 1821 at
637 1755 800 1821 Fonteius
824 1753 963 1841 Capito,
994 1755 1050 1841 qui

69 1883 128 1947 pro
152 1859 290 1926 consule
314 1859 431 1925 Asiam
453 1869 644 1942 curaverat,
667 1859 865 1942 absolvitur,
889 1869 1049 1945 conperto

69 1968 148 2031 ficta
172 1967 208 2032 in
232 1987 307 2030 eum
329 1965 471 2030 crimina
493 1988 554 2050 per
575 1965 714 2029 Vibium
738 1963 909 2030 Serenum.
943 1984 1051 2048 neque

70 2081 184 2135 tamen
212 2069 250 2134 id
273 2067 397 2134 Sereno
426 2091 537 2134 noxae
566 2069 646 2151 suit,
675 2090 773 2154 quem
802 2066 915 2132 odium
943 2065 1050 2156 publi-

71 2195 147 2239 cum
176 2173 334 2237 tutiorem
362 2171 521 2238 faciebat.
566 2194 645 2236 narn
679 2182 716 2236 ut
751 2173 825 2258 quis
856 2171 1049 2237 destrictior
1077 2187 1101 2227 1⁵

71 2285 273 2359 accusator,
303 2275 395 2342 velut
426 2285 665 2341 sacrosanctus
701 2285 790 2340 erat:
823 2272 932 2358 leves,
955 2274 1050 2357 igno·

70 2381 155 2446 biles
180 2381 296 2466 poenis
321 2378 576 2445 adliciebantur.

173 2481 225 2546 37.
248 2483 312 2548 Per
334 2482 424 2548 idem
439 2492 569 2570 tempus
585 2483 753 2567 Hispania
776 2481 916 2548 ulterior
937 2482 1049 2546 missis

70 2589 115 2654 ad
139 2597 295 2654 senatum
317 2587 440 2672 legatis
458 2590 578 2670 oravit,
601 2598 639 2653 ut
663 2585 814 2673 exemplo
831 2584 934 2651 Asiae
958 2584 1050 2650 delu-

69 2692 167 2758 brum
189 2689 325 2756 Tiberio
348 2693 514 2777 matrique
538 2692 609 2756 eius
634 2699 832 2755 exstrueret.
863 2711 929 2776 qua
953 2711 1050 2755 occa-

70 2799 166 2863 sione
189 2794 327 2878 Caesar,
350 2795 485 2862 validus
509 2795 636 2881 alioqui
653 2794 851 2881 spernendis
867 2793 1050 2860 honoribus

71 2909 102 2966 et
126 2899 398 2986 respondendum
420 2910 514 2966 ratus
538 2901 590 2982 iis,
615 2920 753 2985 quorum
776 2921 909 2964 rumore
932 2919 1050 2981 argue·
1077 2932 1090 2972 ⁵

69 3003 172 3069 batur
194 3005 229 3069 in
264 3002 481 3068 ambitionem
508 3003 661 3085 flexisse,
689 3001 829 3068 huiusce
858 3001 948 3068 modi
978 3024 1051 3066 ora-

70 3109 196 3172 tionem
213 3107 342 3192 coepit:
360 3103 457 3190 ‘scio,
480 3116 595 3192 patres
611 3107 806 3192 conscripti,
823 3107 1052 3171 constantiam

8 3279 9 3282 ,
69 3233 180 3276 meam
203 3233 223 3274 a
256 3209 424 3296 plerisque
448 3209 692 3292 desideratam,
724 3207 813 3295 quod
835 3208 939 3273 Asiae
969 3209 1050 3274 civi·

8 3303 9 3308 ¹
71 3313 201 3380 tatibus
224 3335 330 3398 nuper
351 3311 442 3378 idem
474 3313 564 3378 istud
592 3311 786 3398 petentibus
815 3334 882 3377 non
907 3313 969 3378 sim
992 3311 1050 3378 ad·

68 3426 236 3484 versatus.
275 3436 355 3500 ergo
380 3425 413 3481 et
435 3417 557 3502 prioris
582 3414 709 3481 silentii
734 3414 980 3500 defensionem,
1012 3425 1045 3480 et
1074 3450 1102 3489 10

70 3521 150 3609 quid
172 3523 208 3586 in
237 3521 384 3587 futurum
414 3522 605 3603 statuerim,
636 3519 735 3585 simul
765 3521 926 3606 aperiam.
975 3541 1051 3584 cum

8 3617 10 3704 l
71 3625 167 3692 divus
196 3623 368 3710 Augustus
399 3623 465 3690 sibi
495 3634 597 3711 atque
625 3623 702 3689 urbi
736 3623 861 3688 Romae
892 3621 1052 3708 templum

8 3739 9 3786 1
