2530 4084
253 322 299 374 AB
318 320 479 374 Excusso
498 318 657 372 AUGUSTI
676 319 725 368 111.
743 319 853 369 30-33.
980 318 1039 383 131

60 539 123 584 cus
148 513 264 581 Sullae
286 523 320 579 et
343 520 514 578 oratorum
539 533 578 576 ea
602 504 716 575 aetate
739 506 926 574 uberrimus
956 516 1040 573 erat.

59 621 153 686 idem
177 617 322 684 Corbulo
350 615 493 703 plurima
520 637 581 700 per
602 612 739 679 Italiam
772 613 894 678 itinera
921 610 1041 677 fraude

59 725 256 809 mancipum
284 731 317 786 et
340 721 470 786 incuria
503 720 762 802 magistratuum
790 717 978 802 interrupta
1008 724 1041 779 et

60 829 217 914 inpervia
257 823 479 906 clamitando,
519 823 769 887 exsecutionem
803 821 872 884 eius
912 820 1041 903 negotii
1068 841 1093 882 25

59 931 173 996 libens
197 929 360 1014 suscepit3
405 925 492 1011 quod
520 923 611 989 haud
638 923 776 1010 perinde
804 923 937 1009 publice
967 924 1042 988 usui

58 1033 217 1100 habitum
250 1053 349 1118 quam
384 1031 563 1095 exitiosum
595 1027 720 1109 multis,
756 1048 894 1112 quorum
921 1027 957 1091 in
985 1049 1041 1112 pe·

59 1139 199 1204 cuniam
221 1145 322 1222 atque
344 1133 469 1199 famam
493 1131 764 1197 damnationibus
789 1139 823 1194 et
845 1130 945 1196 hasta
969 1152 1041 1196 sae·

58 1239 190 1305 viebat.

166 1341 218 1406 32.
240 1343 356 1428 Neque
380 1339 484 1406 multo
507 1350 583 1426 post
605 1340 716 1404 missis
741 1339 786 1404 ad
809 1348 962 1404 senatum
985 1338 1039 1404 lit-

59 1448 145 1512 teris
161 1445 317 1510 Tiberius
333 1454 458 1511 motam
480 1465 612 1508 rursum
627 1441 778 1508 Africam
801 1443 938 1508 incursu
953 1443 1038 1508 Tao-

59 1552 220 1616 farinatis
238 1549 361 1631 docuit,
385 1547 576 1634 iudicioque
591 1557 724 1632 patrum
748 1545 964 1630 deligendum
978 1569 1038 1632 pro

61 1653 202 1720 consule
226 1674 368 1738 gnarum
390 1651 541 1734 militiae,
566 1672 704 1737 corpore
720 1649 871 1716 validum
893 1659 927 1714 et
949 1648 1038 1715 bello

61 1758 289 1822 suffecturum.
313 1755 402 1842 quod
425 1756 558 1820 initium
581 1752 659 1819 Sex.
682 1754 858 1840 Pompeius
884 1753 1040 1838 agitandi
1066 1774 1080 1814 ⁵

61 1861 226 1927 adversus
255 1859 407 1925 Marcum
435 1858 602 1945 Lepidum
636 1857 705 1923 odii
732 1867 894 1940 nanctus,
928 1866 965 1924 ut
989 1878 1040 1923 so-

60 1965 209 2047 cordem,
232 1966 363 2050 inopem
379 1973 412 2028 et
427 1961 611 2028 maioribus
628 1963 696 2027 suis
714 1961 914 2028 dedecorum
937 1982 1041 2049 eoque

63 2071 168 2135 etiam
191 2067 296 2134 Asiae
319 2076 408 2132 sorte
433 2065 668 2152 depellendum
691 2067 872 2149 incusavit,
895 2064 1040 2131 adverso

61 2180 194 2254 senatu,
218 2173 275 2257 qui
297 2169 463 2256 Lepidum
484 2171 599 2234 mitem
621 2171 730 2252 magis
754 2191 854 2256 quam
869 2171 1040 2254 ignavum,

60 2285 222 2361 paternas
252 2275 283 2338 ei
312 2274 488 2358 angustias
517 2282 550 2339 et
580 2272 793 2338 nobilitatem
809 2257 893 2338 'sine
915 2273 1038 2360 probro
1069 2291 1092 2331 ¹0

59 2388 176 2443 actam
202 2377 321 2442 honori
354 2398 454 2463 quam
482 2379 689 2461 ignominiae
718 2375 910 2442 habendam
940 2376 1038 2444 duce·
1084 2453 1087 2462 ἱ

60 2481 133 2546 bat.
165 2482 270 2564 igitur
292 2481 414 2545 missus
437 2481 472 2545 in
495 2479 627 2563 Asiam,
663 2489 695 2544 et
721 2480 762 2544 dc
785 2479 901 2545 Africa
926 2479 1039 2546 decre-

61 2595 144 2668 tum,
168 2594 206 2649 ut
228 2582 356 2649 Caesar
377 2583 506 2668 legeret
529 2585 584 2649 cui
606 2583 802 2648 mandanda
825 2584 921 2650 foret.

165 2686 218 2751 33.
240 2687 334 2752 Inter
365 2708 451 2773 quae
475 2685 617 2752 Severus
642 2684 790 2752 Caecina
814 2688 962 2772 censuit,
995 2710 1038 2753 ne

63 2814 161 2878 quem
183 2792 430 2875 magistratum,
454 2792 510 2856 oui
531 2792 706 2876 provincia
730 2788 932 2876 obvenisset,
956 2815 1041 2857 uxor

62 2898 297 2977 comitaretur,
318 2893 460 2960 multum
483 2903 563 2959 ante
585 2896 727 2980 repetito
752 2894 953 2960 concordem
976 2895 1041 2960 sibi

63 3001 242 3084 coniugem
254 3007 287 3062 et
299 3020 360 3063 sex
371 3007 488 3084 partus
505 2999 650 3080 enixam,
667 3019 767 3083 seque
785 3019 870 3083 quae
886 2999 920 3063 in
931 2998 1039 3084 publi·

63 3127 137 3169 cum
161 3111 326 3168 statueret
350 3101 438 3166 domi
463 3103 663 3183 narravisse,
686 3100 836 3166 cohibita
859 3102 949 3167 intra
971 3103 1039 3168 Ita·
1065 3119 1078 3159 ⁵

62 3208 152 3288 liam,
176 3227 379 3291 quamquam
397 3207 468 3293 ipse
482 3206 587 3293 pluris
603 3229 663 3292 per
677 3208 871 3292 provincias
895 3206 1039 3292 quadra·

63 3313 158 3394 ginta
182 3309 350 3396 stipendia
366 3309 581 3396 explevisset.
604 3309 696 3375 haud
718 3311 805 3374 enim
828 3310 953 3375 frustra
968 3309 1039 3396 pla-

64 3418 167 3481 citum
197 3413 283 3498 olim,
313 3436 355 3479 ne
383 3415 529 3480 feminae
558 3416 593 3478 in
623 3415 732 3479 socios
757 3423 815 3479 aut
840 3423 958 3497 gentes
982 3437 1039 3478 ex-

64 3529 175 3584 ternas
194 3517 421 3584 traherentur:
443 3519 554 3583 inesse
569 3516 746 3582 mulierum
761 3518 936 3582 comitatui
953 3537 1038 3602 quae

63 3645 178 3710 pacem
201 3619 293 3707 luxu,
314 3618 441 3688 bellum
464 3619 641 3688 formidine
669 3629 840 3686 morentur
863 3629 896 3684 et
918 3618 1036 3684 Roma·
1066 3637 1091 3675 1⁰
1165 3645 1168 3652 ⁴

955 3754 987 3806 (μ’
