2500 4084
193 295 256 361 248
519 295 694 348 ocernmr
715 296 838 347 racrrr

194 484 363 571 Caesaris,
386 485 447 552 Cn.
468 486 650 570 Domitius,
674 484 812 552 Cassius
836 487 1023 573 Longinus,
1047 489 1096 553 Μ.
1118 490 1183 555 Vi·

193 591 319 671 nicius,
347 589 522 655 Rubellius
549 589 702 655 Blandus
732 588 854 656 delecti
884 591 1091 679 additusque
1120 615 1183 658 no-

192 695 378 759 minatione
406 693 581 759 consulum
604 694 640 757 P.
663 693 852 760 Petronius.
897 704 929 759 ct
951 717 1011 780 pro
1035 697 1183 780 ingenio
1235 755 1236 758 ,

142 815 167 854 1⁵
196 799 356 883 cuiusque
379 797 523 882 quaesiti
541 796 733 883 decretique
755 799 790 862 in
804 800 989 885 principem
1011 798 1183 882 honores3

198 922 280 988 quos
305 901 454 965 omiserit
477 902 705 986 receperitve,
734 902 769 965 in
793 903 921 968 incerto
943 903 1007 967 fuit
1034 901 1078 967 ob
1103 923 1183 988 pro·
1235 967 1236 972 ,

194 1007 355 1091 pinquum
381 1006 473 1069 vitae
503 1004 613 1070 finem.
647 1007 866 1092 nequeenim
893 1006 997 1071 multo
1020 1015 1102 1093 post
1127 1029 1181 1071 su-

194 1109 300 1195 premi
323 1106 459 1172 Tiberio
483 1107 647 1192 consules,
670 1106 731 1173 Cn.
747 1107 952 1174 Acerronius
968 1107 1005 1174 C.
1022 1109 1181 1192 Pontius,

196 1212 434 1296 magistratum
447 1233 616 1299 occepere,
628 1213 733 1276 nimia
744 1212 813 1276 iam
823 1214 975 1298 potentia
990 1211 1181 1294 Macronis,

145 1338 170 1378 eo
198 1316 254 1401 qui
277 1317 425 1398 gratiam
455 1313 521 1380 Cai
544 1314 702 1381 Caesaris
732 1335 913 1400 numquam
943 1315 1008 1381 sibi
1038 1315 1181 1400 neglec-

163 1465 164 1470 η
195 1429 266 1484 tam
282 1420 394 1485 acrius
412 1419 446 1483 in
470 1418 541 1484 dies
558 1419 695 1486 fovebat
720 1420 962 1508 impuleratque
985 1429 1063 1505 post
1089 1443 1178 1486 mor-

195 1531 263 1586 tem
276 1519 451 1607 Claudiae,
468 1545 567 1608 quam
581 1533 722 1610 nuptam
733 1526 764 1590 ei
780 1524 906 1605 rettuli,
923 1545 1064 1589 uxorem
1081 1545 1180 1590 suam

198 1625 345 1690 Enniam
368 1625 531 1691 imitando
557 1648 705 1692 amorem
729 1629 883 1692 iuvenem
906 1625 1046 1692 inlicere
1061 1636 1181 1713 pacto-

198 1749 261 1813 que
276 1729 482 1793 matrimonii
497 1730 635 1813 vincire,
652 1729 736 1795 nihil
751 1729 962 1812 abnuentem,
980 1729 1060 1796 dum
1073 1731 1180 1797 domi-

146 1851 171 1892 as
198 1833 348 1897 nationis
372 1833 596 1917 apisceretur3
625 1854 704 1898 nam
733 1834 797 1898 etsi
829 1843 1013 1899 commotus
1038 1835 1178 1918 ingenio

198 1936 449 2002 simulationum
467 1946 580 2002 tamen
596 1936 683 2002 falsa
707 1938 743 2002 in
766 1939 842 2002 sinu
857 1938 914 2002 avi
932 1937 1176 2024 perdidicerat.

300 2038 352 2105 46.
377 2038 530 2107 Gnarum
551 2038 615 2106 hoc
638 2043 795 2126 principi,
821 2063 924 2127 eoque
941 2040 1116 2107 dubitavit
1140 2043 1178 2106 de

198 2144 367 2210 tradenda
390 2143 601 2230 republica,
634 2145 777 2229 primum
800 2145 888 2209 inter
910 2152 1067 2230 nepotes,
1099 2167 1177 2232 quo·

198 2271 271 2314 rum
293 2247 405 2313 Druso
437 2249 570 2331 genitus
600 2248 765 2332 sanguine
794 2256 828 2312 et
857 2249 1002 2313 caritate
1030 2252 1177 2334 propior,

200 2352 260 2418 sed
282 2351 431 2418 nondum
452 2351 665 2437 pubertatem
687 2354 872 2436 ingressus,
897 2349 1093 2416 Germanici
1109 2351 1177 2416 filio

159 2473 173 2515 ⁵
200 2455 303 2522 robur
332 2457 505 2538 iuventae,
539 2454 634 2540 vulgi
657 2455 786 2539 studia,
822 2476 927 2540 eaque
956 2454 1047 2540 apud
1076 2477 1178 2520 avum

200 2559 269 2625 odii
298 2580 413 2624 causa.
459 2560 561 2626 etiarn
591 2558 632 2624 de
662 2557 804 2626 Claudio
835 2559 999 2644 agitanti,
1029 2558 1121 2643 quod
1150 2561 1176 2623 is

200 2663 374 2747 conposita
412 2669 526 2727 aetate
563 2663 727 2729 bonarum
765 2664 889 2728 artium
919 2662 1057 2746 cupiens
1093 2671 1176 2743 erat,

200 2765 366 2830 inminuta
401 2788 495 2831 mens
530 2767 601 2832 eius
636 2766 779 2832 obstitit.
823 2768 876 2831 sin
911 2774 1009 2830 extra
1044 2761 1178 2829 domum

203 2890 378 2934 successor
411 2880 637 2956 quaereretur,
671 2893 713 2935 ne
742 2870 903 2936 memoria
941 2867 1100 2951 Augusti,
1135 2889 1177 2931 ne

153 2991 178 3030 ιο
204 2993 325 3038 nomen
341 2969 528 3039 Caesarum
551 2975 586 3038 in
608 2973 757 3038 ludibria
782 2982 815 3039 et
831 2969 1054 3038 contumelias
1070 2979 1176 3036 verte·

201 3085 292 3157 rent,
326 3075 515 3142 metuebat:
553 3078 674 3163 quippe
712 3076 763 3142 illi
797 3099 864 3142 non
898 3073 1037 3162 perinde
1076 3096 1175 3140 curae

202 3179 314 3263 gratia
330 3181 558 3264 praesentium
580 3203 680 3266 quarn
703 3181 737 3244 in
752 3187 904 3265 posteros
929 3177 1077 3243 ambitio.
1100 3199 1176 3243 mox

202 3284 351 3347 incertus
368 3283 484 3367 animi,
506 3283 594 3348 fesso
611 3305 761 3370 corpore,
785 3282 973 3366 consilium,
995 3281 1051 3345 oui
1072 3281 1176 3367 impar

204 3392 286 3465 erat,
310 3383 380 3448 fato
402 3386 564 3469 permisit,
588 3389 687 3452 iactis
709 3395 823 3452 tamen
839 3384 989 3468 vocibus,
1012 3405 1073 3469 per
1096 3402 1174 3469 quas

104 3502 107 3509 '
154 3501 178 3540 1⁵
205 3486 458 3570 intellegeretur
472 3489 631 3574 providus
647 3489 847 3573 futurorum,
868 3509 1013 3574 namque
1027 3485 1176 3553 Macroni

204 3609 272 3652 non
295 3587 414 3652 abdita
430 3588 572 3673 ambage
588 3590 797 3657 occidentem
814 3591 857 3657 ab
875 3612 912 3656 eo
930 3590 1050 3676 deseri,
1075 3594 1174 3657 orien-
