2534 4084
219 290 302 356 Vffl
597 288 817 340 rnoonmuu
935 307 937 312 ·

218 480 324 545 multa
349 481 494 566 scripsit,
519 489 631 545 tamen
653 502 763 567 pauca
786 488 918 544 tantum
940 487 1087 546 exstant.
1112 500 1204 565 opus

216 585 400 649 maximum
415 584 486 648 eius
503 583 544 648 de
559 584 640 648 viris
664 582 851 648 illustribus
867 582 1073 665 inscribitur,
1097 583 1203 647 cuius

218 687 263 752 ad
285 709 346 752 nos
369 688 502 752 nomine
525 687 589 770 „dc
613 686 858 752 excellentibus
889 684 1029 753 ducibus
1059 696 1199 751 extera·

217 813 289 855 rum
306 790 475 873 gentium’'
498 791 623 874 viginti
637 791 729 855 vitae
754 788 874 854 ducum
891 787 1096 855 Graecorum
1118 811 1200 874 per-

216 904 389 960 venerunt.
413 893 549 978 regibus
581 893 738 959 adiectae
766 902 844 958 sunt
873 894 965 958 vitae
987 891 1198 958 Hannibalis

217 999 352 1085 eiusque
374 999 491 1084 patrie.
515 997 615 1062 finem
638 1008 749 1064 autem
772 997 862 1063 illius
888 999 996 1083 operis
1020 997 1110 1062 vitae
1127 994 1197 1060 Ca-

216 1103 305 1165 tonis
330 1111 363 1167 et
385 1102 560 1187 Pomponii
582 1100 689 1167 Attici
712 1102 851 1184 faciunt,
882 1122 1023 1186 quarum
1045 1109 1192 1185 utraque

216 1226 258 1268 ex
281 1202 367 1270 libro
392 1204 433 1269 de
455 1205 626 1271 historicis
650 1205 766 1270 latinis
791 1215 922 1291 sumpta
945 1214 1008 1270 est.

317 1306 462 1392 Augusti
491 1307 696 1394 temporibus
721 1307 757 1373 C.
782 1307 920 1373 Clodius
943 1307 1082 1373 Licinus
1112 1329 1194 1372 con-

215 1411 266 1477 sul
290 1413 447 1479 suffectus
471 1435 559 1478 anno
582 1421 659 1498 post
675 1410 847 1478 Christum
869 1422 987 1478 natum
1005 1411 1063 1478 IV.
1079 1434 1195 1477 rerum

213 1517 439 1583 Romanarum
461 1516 565 1582 libros
581 1517 667 1581 XXI
689 1519 874 1582 contexuit.
897 1517 957 1582 sed
980 1515 1080 1600 longe
1104 1515 1193 1580 ccle-

212 1621 375 1686 berrimus
401 1623 547 1687 omnium
575 1620 811 1687 historicorum
839 1622 1063 1686 Romanorum
1091 1619 1193 1685 Titus

212 1724 332 1790 Livius
348 1725 421 1791 fuit.
445 1733 545 1790 natus
563 1733 635 1788 erat
651 1724 786 1789 Patavii
810 1746 898 1789 anno
922 1736 1002 1790 ante
1018 1723 1191 1789 Christum

212 1838 330 1893 natum
352 1829 444 1894 LIX.
469 1838 502 1893 et
526 1827 650 1893 ibidem
673 1850 761 1893 anno
784 1837 860 1913 post
877 1826 1047 1893 Christum
1070 1837 1189 1894 natum

212 1933 320 1997 XVII.
336 1942 486 2001 mortuus
504 1941 565 1997 est.
596 1931 773 1996 historiam
786 1932 973 1997 Romanam
989 1931 1191 1996 CXXXXII

212 2033 308 2100 libris
333 2037 497 2118 confecit,
529 2057 614 2121 quae
642 2057 696 2099 res
727 2044 842 2118 gestas
867 2035 909 2100 ab
933 2035 1026 2102 Urbe
1049 2034 1188 2101 condita

211 2159 316 2225 usque
350 2138 394 2203 ad
423 2138 527 2203 Drusi
561 2149 701 2204 mortem
734 2141 756 2204 i.
792 2161 818 2204 e.
854 2161 978 2204 annum
1011 2139 1073 2203 IX.
1108 2149 1189 2204 ante

212 2240 383 2308 Christum
406 2251 523 2307 natum
546 2243 707 2308 continet.
730 2263 798 2308 non
822 2265 935 2308 omnes
959 2241 1063 2308 libros
1088 2242 1187 2309 simul

211 2344 333 2426 edidit,
358 2345 419 2410 sed
442 2345 595 2429 singulas
617 2355 744 2431 partes.
791 2346 912 2412 divisio
937 2348 1047 2433 operis
1070 2348 1105 2412 in
1130 2347 1187 2412 de-

210 2448 323 2531 cades,
349 2471 434 2534 quae
456 2470 545 2513 nunc
570 2449 604 2513 in
627 2471 690 2514 usu
713 2458 779 2531 est,
816 2451 960 2536 primum
984 2473 1004 2514 a
1027 2451 1187 2536 pontifice

208 2552 358 2616 Romano
383 2549 520 2617 Gelasio
545 2550 741 2639 (492-496)
765 2553 858 2619 facta
882 2563 942 2620 est.

313 2654 381 2720 Sed
409 2655 498 2742 quod
531 2655 616 2720 illud
650 2678 731 2742 opus
764 2665 815 2722 tot
844 2656 948 2723 libros
986 2658 1185 2744 complecte-

208 2757 323 2842 batur,
352 2758 453 2823 facile
486 2759 558 2824 fieri
591 2762 715 2845 potuit,
744 2770 781 2825 ut
804 2782 928 2845 magna
961 2783 1041 2846 pars
1071 2785 1186 2830 eorum

206 2864 342 2947 periret.
367 2861 615 2947 deperditorum
636 2884 746 2949 pauca
761 2863 951 2948 fragmenta
968 2875 1116 2931 exstant.
1141 2889 1186 2932 ex

207 2973 278 3031 toto
306 2987 443 3030 numero
477 2987 544 3031 non
578 2965 721 3053 amplius
756 2989 856 3053 quam
886 2969 1031 3055 quinque
1060 2979 1092 3035 et
1123 2972 1185 3035 tri·

207 3069 304 3151 ginta
326 3067 406 3133 libri
430 3067 550 3154 reliqui
579 3078 673 3134 sunt:
696 3069 800 3152 I-X,
832 3070 952 3157 quibus
987 3095 1041 3137 res
1065 3083 1185 3156 gestae

206 3171 249 3235 ab
272 3169 365 3237 Urbe
388 3171 526 3238 condita
549 3193 654 3258 usque
677 3172 723 3238 ad
743 3172 843 3238 finem
866 3176 959 3240 tertii
984 3173 1064 3239 belli
1088 3174 1184 3240 Sam·

205 3275 302 3338 nitici
326 3275 347 3338 i.
371 3297 398 3339 e.
422 3274 468 3339 ad
491 3298 614 3342 annum
629 3273 810 3341 CCXCIII.
834 3288 914 3343 anta
930 3276 1098 3345 Christum
1123 3301 1184 3344 na·

205 3387 275 3442 tum
298 3387 476 3443 enarratae
507 3387 601 3463 sunt,
637 3388 812 3466 praeterea
843 3379 922 3447 libri
944 3381 1183 3466 XXI—XLV,

205 3483 261 3566 qui
283 3480 459 3546 historiam
481 3505 592 3548 rerum
615 3493 787 3567 gestarum
810 3483 854 3550 ab
883 3506 971 3550 anno
995 3482 1182 3551 CCXVIII.

203 3606 308 3670 usque
332 3583 377 3648 ad
401 3607 526 3650 annum
549 3584 718 3653 CLXVII.
749 3587 1016 3674 complectuntur
1040 3590 1060 3653 i.
1085 3612 1112 3653 e.
1137 3588 1182 3653 ab
