2552 4084
217 259 260 324 50
552 259 725 310 conunnn
744 259 865 310 rscrrr

217 448 326 514 minus
353 446 564 514 miserabiles
588 468 689 534 quam
719 468 802 533 quos
831 446 939 512 hostis
962 448 1193 514 circumsidet:

216 553 337 639 quippe
364 550 436 616 illic
471 552 576 617 etiam
605 549 769 617 honestae
795 552 913 616 mortis
941 573 1040 636 usus,
1062 553 1116 618 his
1146 554 1194 617 in-

216 653 361 738 glorium
395 655 545 720 exitium.
594 654 655 720 lux
687 653 836 720 reddidit
870 662 1012 740 terram,
1039 664 1195 742 penetra·

165 774 192 816 ²⁶
216 767 352 844 tumque
383 757 427 822 ad
456 780 588 823 amnem
609 759 806 843 Unsingim,
837 780 901 845 quo
931 756 1061 824 Caesar
1083 758 1196 825 classe

216 862 448 928 contenderat.
472 864 640 947 inpositae
657 862 736 926 dein
753 861 915 946 legiones,
936 870 1088 946 vagante
1103 863 1196 926 fama

217 965 425 1050 submersas3
447 987 510 1031 nec
532 966 616 1031 fides
641 965 779 1050 salutis,
802 975 984 1053 antequam
1011 963 1197 1032 Caesarem

217 1070 468 1156 exercitumque
491 1069 651 1134 reducem
672 1068 800 1134 videre.

319 1173 371 1238 71.
393 1174 467 1239 Iam
490 1172 682 1255 Stertinius,
705 1172 751 1238 ad
774 1173 1007 1260 accipiendum
1036 1175 1071 1240 in
1103 1173 1196 1241 dedi·

215 1278 341 1343 tionem
370 1275 578 1362 Segimerum
612 1278 752 1342 fratrem
788 1274 939 1360 Segestis
978 1280 1196 1365 praemissus,

215 1369 323 1468 ipsum
357 1391 390 1446 et
419 1381 525 1447 filium
559 1384 629 1447 eius
660 1383 694 1446 in
727 1381 902 1446 civitatem
930 1381 1094 1448 Ubiorum
1122 1405 1197 1468 per·

217 1484 372 1550 duxerat.
397 1483 479 1550 data
493 1486 627 1571 utrique
643 1485 755 1568 venia,
771 1483 872 1552 facile
889 1482 1073 1569 Segimero,
1095 1505 1196 1549 cunc-

177 1605 189 1644 o
215 1591 344 1654 tentius
374 1588 461 1672 filio,
490 1589 570 1675 quia
594 1587 751 1670 Quintilii
774 1587 859 1654 Vari
889 1609 1009 1674 corpus
1037 1587 1197 1653 inlusisse

217 1693 404 1758 dicebatur.
428 1701 577 1757 ceterum
599 1691 645 1758 ad
667 1691 853 1779 supplenda
877 1692 1047 1757 exercitus
1071 1689 1197 1756 damna

216 1806 391 1862 certavere
421 1794 556 1862 Galliae
584 1795 773 1881 Hispaniae
800 1794 921 1878 Italia,
957 1795 1047 1881 quod
1076 1796 1196 1882 cuique

215 1910 414 1987 promptum,
438 1921 533 1965 arma
557 1921 659 1986 equos
683 1921 802 1965 aurum
825 1899 1015 1964 offerentes.
1057 1919 1197 1985 quorum

215 2002 356 2069 laudato
380 2003 492 2069 studio
517 2000 755 2088 Germanicus,
785 1993 888 2088 armis
911 2001 1011 2068 modo
1042 2011 1077 2067 et
1099 2003 1196 2090 equis

164 2120 190 2159 1⁰
220 2105 265 2171 ad
286 2105 412 2172 bellum
436 2107 587 2193 sumptis,
610 2109 747 2194 propria
769 2097 913 2193 pecunia
935 2105 1076 2171 militem
1099 2107 1196 2170 iuvit.
1270 2161 1271 2192 3

216 2218 318 2296 utque
333 2209 442 2275 cladis
457 2211 652 2276 memoriam
675 2212 778 2276 etiam
793 2212 953 2277 comitate
975 2208 1109 2293 leniret,
1132 2210 1196 2274 cir·
1270 2201 1271 2208 ἵ

217 2315 343 2378 cumire
359 2315 502 2396 saucios,
517 2313 611 2380 faeta
628 2313 836 2399 singulorum
851 2315 1031 2399 extollere,
1052 2312 1196 2378 vulnera

217 2419 350 2483 intuens
375 2416 476 2482 alium
500 2439 575 2505 spe,
599 2417 701 2482 alium
724 2417 845 2502 gloria,
867 2428 1006 2484 cunctos
1035 2415 1195 2501 adloquio

218 2530 250 2586 et
273 2544 356 2586 cura
378 2519 509 2608 sibique
532 2530 565 2586 et
586 2520 714 2608 proelio
736 2520 904 2587 firmabat.

320 2623 372 2690 72.
406 2623 557 2691 Decreta
596 2646 634 2690 eo
669 2645 758 2690 anno
792 2624 1009 2712 triumphalia
1044 2623 1194 2708 insignia

215 2727 256 2792 A.
273 2726 453 2811 Caecinae,
474 2727 515 2794 L.
531 2727 692 2814 Apronio,
715 2726 753 2792 O.
771 2725 853 2793 Silio
878 2728 920 2794 ob
943 2749 996 2793 res
1020 2749 1096 2794 cum
1112 2725 1194 2792 Ger·

216 2833 348 2896 manico
379 2841 504 2916 gestas.
539 2853 660 2897 nomen
688 2833 794 2918 patris
824 2833 955 2918 patriae
977 2831 1145 2914 Tiberius,
1174 2853 1194 2894 a

215 2933 336 3020 populo
353 2934 486 3020 saepius
503 2936 681 3018 ingestum,
702 2934 913 3021 repudiavit3
935 2957 1043 3021 neque
1064 2936 1100 3000 in
1116 2945 1194 3000 acta

179 3063 192 3104 a
218 3061 279 3103 sua
314 3040 418 3104 iurari
452 3060 652 3124 quamquam
685 3047 845 3104 censente
880 3047 1002 3105 senatu
1029 3041 1193 3125 permisit,
1268 3023 1269 3038 ¹

217 3148 340 3206 cuncta
361 3139 553 3206 mortalium
576 3141 717 3221 incerta,
740 3150 932 3228 quantoque
952 3140 1028 3228 plus
1052 3141 1194 3229 adeptus

217 3245 321 3327 foret,
351 3254 447 3311 tanto
479 3267 515 3309 se
542 3246 651 3329 magis
680 3245 716 3308 in
742 3242 873 3309 lubrico
909 3244 1083 3311 dictitans.
1127 3267 1194 3310 non

216 3357 330 3413 tamen
345 3347 421 3413 ideo
436 3347 585 3413 faciebat
606 3346 707 3412 fidem
722 3346 833 3411 civilis
850 3350 969 3432 animi;
991 3370 1070 3415 nam
1085 3348 1195 3434 legem

216 3451 404 3518 maiestatis
420 3451 613 3535 reduxerat,
636 3453 692 3524 cui
706 3473 827 3517 nomen
844 3452 934 3539 apud
949 3463 1081 3519 veteres
1095 3452 1194 3536 idem,
1267 3509 1268 3534 ,

165 3581 190 3622 ιο
218 3555 279 3621 sed
301 3554 369 3620 alia
392 3555 427 3618 in
450 3554 609 3620 iudicium
631 3553 824 3638 veniebant,
855 3557 884 3619 si
907 3557 979 3642 quis
1002 3553 1194 3642 proditione
