2534 4084
240 291 273 360 X
614 297 835 349 Pnoounnuu

238 483 392 550 ultimum
412 486 637 552 Romanorum
661 487 758 552 dixit.
781 487 823 551 ob
846 486 882 551 id
905 495 1084 552 accusatus
1108 489 1219 552 vitam

237 589 445 655 abstinentia
467 589 588 654 finivit.
612 589 729 655 confer
751 589 832 655 Tac.
856 611 934 654 ann.
957 589 1016 671 IV,
1040 586 1084 652 34
1106 600 1140 655 et
1164 589 1217 654 35.

339 692 527 758 Historiam
557 693 626 758 Titi
649 693 741 757 Livii
764 691 918 759 Aufidius
941 692 1070 758 Bassus
1101 715 1216 778 perse-

236 806 332 862 cutus
350 805 411 861 est.
437 798 572 882 scripsit
589 798 677 861 enim
700 820 720 861 a
742 796 808 861 fine
824 797 894 862 Titi
912 796 1003 860 Livii
1026 819 1081 862 res
1097 807 1217 880 gestas

235 899 440 985 temporibus
475 898 621 984 Augusti
664 910 696 964 et
731 900 874 982 Tiberii,
908 888 1088 986 praecipue
1120 900 1216 968 bella

236 1001 449 1070 Germanica.
474 1006 544 1069 eius
562 1027 659 1090 opere
683 1005 755 1068 sine
772 1003 872 1069 dubio
895 1025 975 1069 usus
999 1013 1050 1068 est
1072 1003 1215 1070 Tacitus

235 1109 269 1171 in
291 1110 401 1193 priore
423 1117 520 1194 parte
543 1107 716 1174 annalium
740 1108 963 1195 eximiamque
986 1107 1216 1193 eloquentiam

233 1212 267 1274 in
292 1211 428 1296 dialogo
452 1213 494 1277 de
518 1212 708 1278 oratoribus
732 1210 862 1276 laudat.
885 1213 966 1277 item
989 1211 1049 1276 sub
1067 1209 1213 1276 Claudio

232 1313 277 1379 M.
307 1313 470 1381 Servilius
500 1316 674 1381 Nonianus
709 1315 886 1381 tradendis
921 1314 1021 1379 rebus
1049 1315 1214 1380 Romanis

235 1417 368 1484 celeber
384 1421 456 1502 fuit,
475 1442 573 1506 quem
588 1420 726 1486 Tacitus
744 1419 824 1485 dial.
847 1417 890 1482 23
907 1428 940 1484 et
957 1441 1034 1483 ann.
1058 1418 1151 1502 XIV,
1171 1417 1214 1482 19

231 1520 337 1587 multa
353 1543 428 1588 cum
444 1523 545 1588 laude
567 1532 817 1590 commemorat.
842 1546 863 1588 a
884 1522 951 1587 fine
965 1521 1092 1588 Aufidii
1107 1521 1212 1587 Bassi

233 1625 375 1691 eandem
390 1629 567 1692 materiam
582 1648 681 1711 porro
706 1627 869 1692 tractavit
885 1624 922 1690 O.
937 1625 1066 1691 Plinius
1084 1623 1212 1690 Secun-

234 1728 295 1794 dus
318 1729 430 1794 Taciti
456 1728 619 1816 aequalis,
643 1731 699 1815 qui
724 1730 897 1815 eruptione
919 1729 1061 1794 Vesuvii
1082 1732 1211 1796 montis

229 1853 317 1897 anno
332 1832 494 1896 LXXIX.
509 1833 649 1898 interiit.
666 1832 730 1897 fuit
746 1831 911 1899 bellorum
927 1830 1208 1899 Germanicorum

229 1937 375 2020 scriptor
409 1944 440 2000 et
476 1935 638 2002 historiae
674 1937 726 2001 sui
748 1937 907 2021 temporis
938 1942 1071 2020 auctor,
1106 1959 1209 2022 quem

227 2038 368 2103 Tacitus
392 2039 524 2124 saepius
548 2048 795 2104 commemorat.
841 2039 957 2104 confer
986 2061 1064 2106 ann.
1093 2041 1120 2123 Ι,
1144 2039 1208 2125 69;

227 2143 322 2224 XIII,
347 2141 405 2227 203
429 2143 504 2226 XV,
528 2142 594 2207 53.’

697 2438 713 2444 ..-
716 2439 814 2446 .—---

687 2658 733 2724 ΙΙ.

462 2777 507 2843 Da
530 2777 604 2844 rita
626 2778 731 2846 raoni
755 2778 961 2862 scriptisque.

326 2897 503 2964 Cornelius
535 2898 703 2980 Tacitus¹)
734 2901 918 2987 Imperante
940 2901 1073 2966 Nerone
1102 2921 1202 2985 eque·

222 3005 283 3068 stri
307 3024 430 3088 genere
452 3003 578 3068 Romae
606 3012 798 3087 natusest,
831 3004 975 3069 fortasse
1004 3026 1092 3069 anno
1122 3014 1201 3089 post

221 3105 391 3171 Christum
413 3116 530 3172 natum
553 3107 644 3172 LIV.
670 3108 817 3173 nondum
846 3109 952 3190 igitur
980 3118 1095 3190 togam
1118 3109 1200 3172 viri-

220 3208 285 3274 lem
302 3218 499 3295 sumpserat,
524 3232 600 3274 cum
616 3209 703 3275 Nero
728 3210 892 3276 seditione
911 3207 1043 3276 Galbae
1065 3210 1197 3296 percul-

220 3335 277 3378 sus
300 3322 351 3378 est
367 3311 548 3400 fatalisque
572 3313 630 3378 ille
646 3337 755 3379 annus
772 3316 907 3400 Incepit,
931 3315 987 3400 qui
1002 3312 1197 3401 plerumque

320 3503 341 3564 ¹)
360 3501 529 3554 Praenomen
543 3503 667 3554 consulto
681 3504 766 3566 omisi,
780 3502 852 3569 quod
865 3519 959 3569 parurn
973 3508 1086 3567 constat,
1105 3508 1196 3556 utrum

220 3587 302 3638 Gaias
319 3587 401 3638 suerit
419 3605 452 3638 an
474 3589 589 3639 Publius.
