2530 4084
242 317 289 368 AB
307 317 470 369 Excusso
488 317 647 370 AUGUSTI
665 319 715 368 111.
734 321 844 370 at-at.
968 318 1030 383 125

36 521 96 578 est
123 511 168 576 de
193 512 245 593 iis,
270 531 355 596 quae
379 507 423 573 ad
447 508 579 574 domum
604 530 698 574 suam
712 509 928 594 pertinerent.
953 531 1029 572 exe-

36 617 108 680 mit
134 615 239 680 ctiam
261 612 408 678 Drusum
430 611 602 677 consulem
626 612 840 696 designatum
865 611 1030 677 dicendae

37 720 157 802 primo
191 715 265 782 loco
290 717 495 800 sententiae3
524 715 612 801 quod
642 714 701 780 alii
730 714 830 780 civile
858 714 1030 800 rebantur,

39 844 89 886 ne
115 821 240 886 ceteris
264 818 479 884 adsentiendi
494 821 681 884 necessitas
704 819 809 902 fieret,
833 819 970 904 quidam
986 820 1031 885 ad
1058 841 1083 880 20

43 924 234 990 saevitiam
266 922 463 989 trahebant:
497 946 605 1009 neque
635 925 723 989 enim
758 945 930 990 cessurum
963 926 1028 989 nisi

46 1025 240 1092 damnandi
263 1027 383 1092 officio.

157 1127 209 1194 23.
231 1129 364 1215 Lepida
386 1128 541 1194 ludorum
565 1128 692 1212 diebus,
723 1131 779 1214 qui
802 1133 1030 1214 cognitionem

47 1239 326 1318 intervenerant,
363 1232 533 1298 theatrum
567 1255 642 1298 cum
676 1230 778 1298 claris
813 1233 945 1299 feminis
981 1236 1030 1299 in-

48 1360 187 1422 gressa,
222 1335 465 1402 lamentatione
503 1334 608 1400 flebili
641 1337 785 1401 maiores
826 1359 903 1402 suos
938 1340 1030 1404 ciens

48 1444 228 1527 ipsumque
255 1441 457 1527 Pompeium,
492 1441 586 1504 cuius
618 1461 657 1504 ea
686 1441 891 1506 monimenta
915 1450 948 1506 et
973 1443 1031 1508 ad·

51 1555 184 1612 stantes
209 1547 372 1629 imagines
395 1544 603 1628 visebantur,
626 1552 758 1610 tantum
780 1546 1032 1611 misericordiae
1058 1564 1071 1604 ⁵

51 1653 230 1736 permovit,
253 1659 290 1716 ut
307 1649 402 1714 effusi
426 1651 460 1713 in
483 1648 642 1714 lacrimas
661 1671 763 1714 saeva
780 1658 813 1713 et
830 1648 1031 1714 detestanda

53 1755 209 1836 Quirinio
225 1753 453 1835 clamitarent,
478 1753 574 1816 ouius
593 1759 751 1816 senectae
768 1760 868 1836 atque
892 1751 1032 1818 orbitati

54 1869 87 1924 et
112 1856 374 1922 obscurissimae
404 1855 516 1922 domui
547 1855 718 1920 destinata
748 1855 917 1940 quondam
947 1879 1033 1922 uxor

52 1961 92 2024 L.
117 1957 261 2024 Caesari
284 1981 324 2023 ac
350 1958 427 2024 divo
436 1958 597 2044 Augusto
620 1982 724 2031 nurus
742 1959 929 2024 dederetur.
954 1959 1031 2024 dein

54 2065 231 2128 tormentis
263 2085 433 2129 servorum
462 2064 635 2149 patefacta
666 2071 743 2128 sunt
770 2063 901 2147 flagitia
935 2065 1032 2128 itum·
1060 2081 1085 2120 10

55 2189 118 2253 que
143 2167 177 2230 in
202 2167 405 2231 sententiam
427 2165 562 2232 Rubelli
582 2166 717 2260 Blandi,
740 2189 761 2231 a
784 2189 848 2253 quo
871 2189 958 2253 aqua
983 2175 1032 2231 at·

55 2294 118 2357 que
141 2272 215 2354 igni
238 2269 427 2336 arcebatur.
472 2269 550 2335 huic
572 2271 703 2336 Drusus
727 2271 896 2353 adsensit,
920 2292 1032 2355 quam-

56 2397 157 2460 quam
187 2372 248 2438 alii
281 2375 395 2439 mitius
430 2376 651 2438 censuissent.
689 2396 768 2439 mox
803 2372 947 2456 Scauro,
977 2377 1033 2460 qui

54 2477 160 2543 filiam
184 2499 290 2542 exea
313 2487 494 2561 genuerat,
530 2477 662 2558 datum,
696 2499 739 2541 ne
769 2476 858 2542 bona
880 2477 1032 2562 publica-

56 2591 181 2646 rentur.
225 2589 297 2646 tum
325 2580 456 2647 demum
491 2582 621 2666 aperuit
648 2579 803 2644 Tiberius
833 2589 1029 2666 conpertum
1057 2599 1081 2637 ιι

57 2684 122 2749 sibi
156 2685 259 2749 etiam
289 2706 332 2749 ex
359 2685 396 2748 P.
420 2683 566 2765 Quirinii
601 2685 707 2748 servis
740 2704 870 2748 veneno
905 2706 980 2749 eum
1013 2706 1034 2747 a

55 2787 189 2874 Lepida
211 2790 362 2874 petitum.

159 2891 211 2956 24.
231 2892 431 2968 ,Inlustrium
447 2893 603 2958 domuum
618 2892 763 2958 adversa
786 2893 922 2972 (etenim
943 2893 1034 2959 haud

58 2995 199 3060 multum
223 2996 363 3062 distanti
394 3006 543 3082 tempore
566 2994 741 3081 Calpurnii
762 2996 936 3081 Pisonem,
969 2996 1034 3062 Ae-

58 3099 141 3165 milii
155 3100 323 3186 Lepidam
339 3102 535 3182 amiserant)
553 3100 679 3166 solacio
697 3101 822 3166 adfecit
839 3101 881 3166 D.
899 3100 1034 3167 Silanus

58 3203 177 3268 Iuniae
198 3204 348 3269 familiae
372 3205 535 3272 redditus.
559 3227 675 3271 casum
698 3207 768 3270 eius
800 3207 918 3292 paucis
941 3227 1034 3291 repe-

59 3317 137 3372 tam.
160 3318 199 3373 ut
220 3308 337 3374 valida
362 3309 440 3375 divo
455 3309 609 3393 Augusto
633 3311 668 3375 in
690 3310 947 3396 rempublicam
968 3309 1033 3374 for·
1062 3327 1075 3366 ⁵

61 3421 141 3478 tuna
148 3463 157 3496 ,
186 3413 236 3477 ita
271 3412 360 3477 domi
395 3414 591 3498 inprospera
627 3413 690 3477 fuit
726 3411 767 3477 ob
800 3412 1036 3499 inpudicitiam

61 3517 149 3582 filiae
178 3539 218 3582 ac
241 3518 370 3603 neptis,
407 3539 490 3603 quas
525 3514 607 3582 urbe
642 3515 768 3602 depulit
799 3515 1035 3600 adulterosque
1079 3567 1091 3604 ,

64 3645 172 3688 earum
197 3630 303 3688 morte
327 3631 385 3686 aut
407 3621 487 3704 fuga
510 3621 652 3707 punivit.
690 3641 768 3684 nam
793 3619 925 3706 culpam
948 3620 1035 3683 inter
