2534 4084
374 235 579 288 PRAEFATIO
599 237 744 290 cutmen
962 235 1051 302 XIX

59 453 132 497 non
157 431 194 494 in
211 437 341 493 textum
356 426 497 514 recepit)
514 425 666 490 insectari
688 427 807 513 scripsi
822 447 881 513 pro
905 423 1049 489 lectione

61 533 197 600 codicis
222 529 412 613 insectandi,
436 552 533 617 quem
557 531 749 613 genetivum
773 527 928 613 gerundii
952 527 1049 593 intel·

63 637 183 721 legere
196 657 264 701 non
281 656 483 720 possum-
500 633 582 699 ibid.
594 657 625 698 v.
639 632 680 696 32
704 641 784 698 ante
813 629 922 696 Druso
938 631 1050 698 adieci

62 738 226 804 voculam
249 737 295 801 in.
320 737 379 802 sed
401 738 547 804 fortasse
562 737 680 803 melius
704 747 739 802 et
754 735 939 823 simplicius
963 734 1049 801 dati·

62 865 127 908 vus
144 844 182 908 in
205 844 397 926 genetivum
420 839 525 904 Drusi
547 839 728 907 mutandus
751 849 812 904 est.
837 877 877 884 —
901 859 975 925 cap.
997 837 1050 922 54,

63 946 108 1010 20
136 945 226 1011 bene
241 945 392 1011 Heraeus
415 943 548 1008 esitium
570 952 607 1010 ut
623 943 780 1009 mendum
803 945 990 1029 scripturae
1014 943 1048 1006 in

63 1050 189 1113 anitum
226 1049 382 1114 mutavit.
427 1080 469 1094 —-
514 1069 587 1133 cap.
621 1045 673 1130 55,
691 1045 730 1109 17
771 1056 851 1113 ante
885 1048 1050 1126 possetque

65 1176 192 1219 nomen
221 1151 373 1218 Pisonem
403 1150 573 1217 excidisse
594 1149 738 1216 videtur.
773 1187 815 1197 -
849 1174 924 1238 cap.
948 1146 999 1232 60,
1009 1147 1054 1212 14

66 1269 149 1324 ante
173 1255 332 1320 habitasse
364 1276 569 1343 magnopere
599 1253 812 1321 desideratur
833 1253 955 1321 vocula
989 1251 1051 1331 bio,

67 1385 157 1448 quae
182 1363 255 1426 sine
279 1360 380 1427 dubio
402 1357 503 1425 facile
526 1357 684 1425 excidere
706 1361 825 1445 potuit.
871 1381 915 1424 an
938 1359 1056 1444 potius

68 1490 112 1530 ex
135 1475 301 1530 contextu
323 1465 428 1529 tacite
445 1460 667 1548 supplendum
689 1471 740 1526 est
766 1461 799 1524 in
822 1461 986 1544 Aepypto‘?
1009 1496 1051 1506 -

70 1590 146 1654 cap.
171 1565 278 1652 62,13
302 1587 377 1632 oum
399 1563 603 1652 Nipperdcio
634 1573 666 1629 et
690 1564 864 1630 Wolfflino
888 1564 1051 1631 traditum

65 1673 263 1750 postremum
286 1670 321 1735 in
339 1672 497 1750 postremo
520 1670 664 1734 correxi.
688 1705 729 1714 —-
758 1691 831 1754 cap.
864 1666 941 1752 73‚3
974 1676 1051 1755 post

70 1774 211 1855 formam
233 1772 394 1839 Muellero
418 1781 556 1840 auctore
578 1771 744 1852 fortunam
767 1770 888 1855 adieci,
912 1779 949 1837 ut
972 1793 1005 1834 v.
1029 1771 1050 1835 6

71 1880 253 1964 insequens
288 1876 458 1943 ablativus
490 1895 599 1957 penem
627 1875 750 1956 instant
784 1897 848 1961 quo
882 1875 1049 1940 referatur

71 1981 210 2046 habeat.
238 2016 281 2026 -
314 2003 386 2068 cap.
411 1978 492 2064 76‚4
517 2001 578 2066 pro
607 1979 735 2046 tradito
765 1977 962 2042 consultanti
993 1976 1050 2042 ab·

71 2084 215 2150 lativum
243 2083 434 2150 absolutum
461 2083 713 2148 consultantibus
742 2083 814 2149 scil.
849 2081 893 2146 iis
920 2082 1051 2168 scripsi.

74 2191 156 2255 item
180 2188 241 2272 XI,
264 2186 316 2272 3,1
346 2184 541 2252 consultanti
570 2189 605 2252 in
634 2184 886 2250 consultantibus
908 2185 1051 2250 correxi.

72 2315 151 2358 nam
173 2301 315 2378 uterque
337 2290 431 2356 locus
454 2289 567 2356 mendi
590 2290 789 2355 manifestus
813 2298 875 2355 est.
904 2324 947 2334 -
977 2309 1051 2374 cap.

74 2394 173 2480 80‚17
207 2403 285 2480 post
316 2392 455 2456 utilitum
488 2392 613 2459 Mureti
648 2396 888 2459 auctoritatem
917 2400 1052 2458 secutus

74 2497 231 2564 voculam
252 2497 300 2560 uis
322 2497 449 2580 adieci,
479 2520 559 2562 nam
581 2496 696 2563 audax
719 2517 859 2581 zeugma
883 2494 973 2582 quod
994 2516 1051 2561 vo-

74 2613 154 2668 cant
177 2600 317 2664 utilitum
340 2600 498 2681 asperitas
517 2621 637 2687 parum
660 2599 782 2689 placet.
806 2636 848 2646 -
871 2622 944 2686 cap.
968 2596 1047 2682 84‚6

75 2703 278 2771 vocabulum
300 2703 368 2767 uiro
393 2705 543 2791 spurium
564 2703 687 2770 iudico.

177 2807 239 2888 ΠΙ,
263 2804 321 2890 3‚b
343 2816 418 2893 post
442 2807 585 2873 alterum
607 2827 673 2871 non
695 2807 813 2874 Wurm
842 2809 965 2895 optime
994 2805 1052 2872 ad·

79 2911 165 2977 didit
187 2911 470 2997 praepositionem
493 2909 546 2995 iu,
570 2932 655 2997 quae
677 2921 814 2999 propter
847 2909 1052 2998 praecedens

78 3013 165 3094 aluid
201 3013 317 3079 deesse
350 3034 417 3079 non
439 3025 560 3100 potest.
583 3051 625 3064 -
648 3037 723 3102 cap.
758 3014 859 3100 14,14
886 3016 1053 3096 lacunam,

79 3141 163 3206 quae
188 3118 260 3182 sine
285 3117 387 3182 dubio
410 3128 461 3183 est
484 3120 573 3184 inter
594 3119 699 3185 verba
728 3117 874 3183 interisse
897 3127 929 3183 ct
953 3116 1053 3198 scrip·

78 3222 201 3303 sissent,
224 3221 355 3286 Rittero
379 3231 516 3286 auctore
547 3223 596 3288 sic
621 3221 770 3309 explevi:
799 3224 1054 3301 accusatoresque

80 3325 239 3388 intendore
261 3323 465 3404 suspiciones,
482 3324 628 3407 proferri
650 3343 731 3406 quae
745 3323 824 3389 Piso
845 3328 874 3388 et
886 3322 1054 3389 Plancina

81 3427 120 3492 cd
139 3426 322 3509 principem
346 3425 542 3510 Liuiamque.
567 3463 609 3476 -
632 3449 706 3516 cap.
728 3428 807 3514 22st
832 3437 911 3495 ante
933 3426 1053 3492 dictum

83 3523 395 3619 qnondam‘inserui
418 3529 485 3595 diu.
520 3571 561 3583 -
597 3555 670 3619 cap.
694 3530 796 3618 uult
827 3541 905 3619 post
937 3529 1055 3612 fratris

947 3669 983 3719 b*
