2534 4084
306 313 352 366 AB
371 311 534 363 Excusso
553 311 710 364 AUGUSTI
729 311 749 362 Ι.
768 310 845 358 4-7.
1037 306 1058 370 5

79 508 170 571 sisse
199 503 390 588 Augustum
424 511 457 568 et
491 524 602 570 rerum
636 500 738 586 potiri
766 499 934 565 Neronem
966 498 1055 564 fama
1085 513 1110 553 ²⁰

81 607 205 673 eadem
227 605 316 672 tulit.

188 709 219 774 6.
242 710 391 775 Primum
413 709 545 778 facinus
574 709 653 772 novi
676 708 885 792 principatus
909 706 972 771 fuit
998 707 1058 772 Po-

82 815 188 878 stumi
202 812 376 898 Agrippae
388 811 521 894 caedes,
534 831 631 896 quem
653 812 809 894 ignarum
831 812 1060 894 inermumque

83 917 241 1002 quamvis
263 917 416 981 firmatus
439 916 550 980 animo
580 916 733 978 centurio
768 933 869 996 aegre
902 913 1059 978 confecit.

80 1019 170 1086 nihil
206 1020 247 1084 de
271 1042 311 1084 ea
339 1041 377 1084 re
398 1017 554 1084 Tiberius
584 1017 676 1103 apud
704 1027 859 1084 senatum
883 1017 1061 1084 disseruit:

81 1125 194 1209 patris
231 1125 324 1188 iussa
370 1120 572 1202 simulabat,
619 1119 740 1206 quibus
782 1122 1059 1207 praescripsisset
1099 1132 1112 1171 ⁵

80 1226 220 1292 tribuno
243 1226 419 1292 custodiae
443 1224 610 1310 adposito,
632 1247 676 1290 ne
698 1234 916 1291 cunctaretur
938 1223 1060 1309 Agrip-

82 1353 164 1415 pam
176 1339 282 1396 morte
297 1328 453 1410 adficere,
470 1327 670 1414 quandoque
686 1329 757 1412 ipse
771 1321 960 1412 supremum
974 1327 1062 1392 diem

84 1432 304 1518 explevisset.
332 1432 439 1498 multa
463 1434 535 1497 sine
565 1431 665 1496 dubio
696 1453 865 1516 saevaque
887 1430 1061 1514 Augustus

85 1536 128 1601 de
151 1535 301 1602 moribus
324 1536 553 1604 adulescentis
578 1543 726 1619 questus,
750 1543 787 1598 ut
811 1532 966 1600 exsilium
989 1535 1061 1600 eius

85 1648 225 1705 senatus
254 1639 409 1704 consulto
438 1639 642 1722 sanciretur,¹
673 1637 878 1723 perfecerat:
912 1647 1062 1704 ceterum
1089 1650 1114 1689 1⁰

83 1743 121 1808 in
144 1741 270 1808 nullius
294 1763 452 1828 umquam
476 1765 610 1807 suorum
644 1757 763 1808 necem
786 1741 931 1823 duravit,
954 1763 1062 1826 neque

84 1855 229 1910 mortem
268 1847 382 1931 nepoti
415 1867 475 1931 pro
515 1846 697 1912 securitate
729 1847 878 1930 privigni
919 1844 1061 1910 inlatam

86 1947 253 2014 credibile
277 1957 359 2014 erat.
393 1950 530 2035 propius
553 1970 632 2016 vero
654 1947 829 2013 Tiberium
852 1969 892 2012 ao
914 1947 1061 2028 Liviam,

85 2050 185 2116 illum
207 2060 308 2135 metu,
341 2051 429 2116 hano
456 2050 693 2117 novercalibus
718 2050 817 2134 odiis,
851 2053 998 2136 suspecti
1029 2060 1061 2115 et

87 2154 194 2220 invisi
217 2156 347 2220 iuvenis
371 2155 510 2220 caedem
533 2155 761 2220 festinavisse.
784 2155 957 2220 nuntianti
986 2177 1060 2218 cen·
1090 2166 1115 2205 1⁵

88 2259 227 2340 turioni‚
249 2267 286 2322 ut
309 2281 381 2324 mos
403 2259 557 2341 militiae,
580 2257 709 2324 factum
732 2279 806 2324 esse
840 2257 929 2342 quod
962 2259 1059 2342 impe·

92 2370 221 2443 resset,
254 2384 362 2447 neque
396 2363 580 2448 imperasse
618 2383 692 2426 sese
726 2371 759 2426 et
792 2363 958 2427 rationem
981 2360 1064 2426 facti

87 2463 299 2530 reddendam
332 2465 423 2551 apud
457 2474 626 2530 senatum
644 2465 828 2551 respondit.
864 2462 952 2550 quod
974 2472 1064 2550 post-

88 2589 190 2652 quam
215 2565 395 2634 Sallustius
419 2565 558 2654 Crispus
582 2570 753 2654 particeps
784 2577 988 2634 secretorum
1024 2568 1064 2648 (is

88 2669 133 2736 ad
156 2669 328 2736 tribunum
350 2673 490 2736 miserat
506 2671 694 2753 codicillos)
718 2673 889 2756 comperit,
912 2679 1065 2734 metuens
1093 2683 1118 2723 2⁰
1220 2735 1221 2740 ,

87 2796 130 2838 ne
153 2795 232 2838 reus
251 2773 460 2856 subderetur,
484 2777 582 2840 iuxta
597 2773 786 2860 periculoso
809 2775 890 2839 ficta
913 2796 973 2840 seu
984 2795 1065 2839 vera

87 2885 268 2962 promeret,
302 2878 431 2942 monuit
464 2877 602 2943 Liviam
623 2900 666 2942 ne
701 2899 827 2944 arcane
863 2877 990 2959 domus,
1024 2899 1067 2942 ne

87 2978 233 3044 consilia
257 2980 449 3062 amisorum,
472 2981 661 3046 ministeria
676 2979 821 3045 militum
836 2979 1067 3064 vulgarentur,

88 3103 176 3148 neve
199 3081 355 3148 Tiberius
379 3084 449 3148 vim
482 3084 691 3168 principatus
726 3082 912 3150 resolveret
944 3092 1067 3148 cuncta

89 3185 137 3250 ad
166 3194 319 3250 senatum
342 3185 513 3251 vocando:
542 3208 617 3250 eam
644 3185 879 3252 condicionem
902 3209 976 3252 esse
1006 3188 1064 3250 im·
1093 3201 1119 3243 ²⁵

88 3288 302 3374 peraudisse
325 3310 393 3354 non
417 3287 517 3356 aliter
539 3291 628 3355 ratio
651 3298 793 3373 constet,
829 3310 929 3374 quom
958 3291 988 3354 si
1010 3289 1067 3352 uni

88 3391 270 3464 reddatur„

197 3494 226 3559 7.
260 3494 305 3560 At
333 3496 460 3562 Romae
493 3519 590 3563 ruere
623 3497 658 3561 in
692 3498 868 3562 servitium
903 3494 1069 3578 consules,

91 3607 220 3686 patres,
245 3620 356 3683 eques.
381 3607 506 3684 quanto
530 3601 605 3685 quis
628 3597 812 3684 inlustrior,
835 3608 934 3664 tanto
962 3600 1073 3683 magis
