2534 4084
438 281 672 334 ARGUMENTA.
945 284 1045 350 XXV

58 488 180 563 terret,
205 481 261 565 qui
284 501 361 545 suos
385 477 575 545 turbatores
599 479 665 566 ipsi
688 474 844 542 caedunt.
868 510 910 520 —
926 471 977 541 50.
994 474 1043 539 fu-

59 605 174 649 rorem
199 583 370 668 expiaturi
393 583 428 646 in
450 581 582 647 hostem
606 590 687 646 eunt
708 578 909 664 Marsosque
933 579 1042 665 oppri-

58 696 168 752 munt.
192 719 235 732 -
250 684 301 749 51.
324 685 510 750 Tamfanae
533 683 694 770 templum
717 683 872 749 dirutum.
897 681 1042 748 insidiae

59 788 309 855 Germanorum
332 790 366 854 in
389 787 502 854 reditu
523 789 651 854 irritae.
675 822 718 833 -
746 785 799 851 52.
822 784 978 851 Tiberius
1007 788 1041 850 in

60 901 185 958 senatu
222 889 460 958 Germanicum
493 890 707 977 Drusumque
745 887 875 955 laudat.
913 922 955 934 -
988 885 1040 953 53.

57 995 170 1062 Iuliae
192 1018 282 1062 mors
306 1005 341 1062 et
362 1017 481 1061 mores.
507 992 655 1060 Gracchi
679 992 812 1060 caedes.
842 1028 883 1038 —
912 989 965 1056 54.
989 1014 1039 1056 so-

57 1100 158 1168 dales
181 1099 387 1184 Augustales
412 1100 571 1164 instituti.
595 1098 795 1163 histrionum
818 1095 948 1162 turbae.

163 1201 217 1267 55.
240 1202 397 1268 Proximo
422 1223 510 1267 anno
534 1201 729 1288 repentinus
757 1201 793 1265 in
816 1197 958 1264 Chattos
984 1221 1039 1263 ex-

55 1329 190 1372 cursus.
206 1305 378 1372 Arminius
403 1305 540 1391 eiusque
557 1326 653 1370 socer
668 1305 796 1370 invitus
813 1300 980 1387 Segestes.
997 1339 1039 1349 —

54 1411 107 1475 56.
133 1409 252 1476 Chatti
275 1410 455 1495 improviso
480 1410 650 1495 oppressi,
673 1408 831 1475 Mettium
854 1408 1039 1473 incensum.

54 1552 96 1562 —
131 1514 186 1578 57.
225 1511 399 1596 Segestem
434 1511 609 1579 obsessum
643 1511 768 1578 liberat
802 1509 1036 1594 Germanicus,

53 1641 143 1687 uxor
166 1615 313 1682 Arminii
335 1625 448 1703 capta.
473 1653 514 1662 —
536 1615 589 1681 58.
614 1615 765 1701 Segestis
790 1616 909 1680 oratio.
947 1616 1037 1682 idem

55 1747 134 1791 cum
159 1723 229 1787 suis
247 1721 393 1804 benigne
408 1720 556 1786 habitus.
583 1757 619 1766 —
637 1717 689 1784 59.
713 1719 886 1785 Arminius
910 1720 945 1783 in
962 1742 1036 1786 eum

54 1837 86 1893 et
109 1827 282 1892 Romanos
305 1823 484 1890 invehitur.
507 1859 549 1870 -
572 1821 623 1888 60.
647 1823 810 1890 Cherusci
833 1822 957 1909 aliique
979 1846 1036 1909 po-

53 1930 124 2017 puli
158 1926 336 1994 rebellant.
381 1926 536 1993 Bructeri
571 1950 591 1992 a
622 1925 782 1992 Stertinio
811 1927 887 1991 fusi.
916 1963 957 1972 —
981 1924 1033 1992 61.

54 2033 279 2100 Germanicus
303 2052 379 2096 cum
400 2032 552 2096 exercitu
566 2029 889 2114 Teutoburgiensem
913 2031 1036 2097 saltum

53 2135 255 2222 ingreditur.
290 2133 453 2220 reliquiae
488 2132 596 2198 cladis
620 2133 804 2199 Varianae.
839 2171 880 2180 -
904 2133 954 2198 62.
985 2146 1034 2201 tu·

53 2240 163 2306 mulus
180 2245 373 2304 exstructus
389 2234 601 2322 improbante
616 2235 763 2302 Tiberio.
787 2273 827 2284 -
845 2233 897 2304 63.
919 2259 1035 2324 pugna

53 2367 128 2409 cum
151 2342 315 2408 Arminio.
338 2340 493 2407 manibus
517 2343 633 2427 eequis
658 2341 854 2408 discessum.
890 2343 1034 2410 Romani

53 2448 97 2514 ad
118 2447 274 2512 Rhenum
289 2453 512 2512 revertuntur.
539 2480 575 2492 -
594 2443 646 2510 64.
662 2445 834 2512 Arminius
851 2443 1033 2514 Caecinam

53 2550 259 2637 intrepidum
282 2548 355 2615 loco
378 2550 493 2636 iniquo
517 2549 728 2634 aggreditur.
753 2585 793 2595 —
825 2549 876 2615 65.
906 2550 1030 2617 milites

52 2655 278 2721 consternati.
316 2650 485 2731 Caecinae
515 2655 680 2719 somnium
702 2653 895 2723 infaustum.
941 2657 1033 2721 caesi

52 2779 157 2843 paene
181 2756 333 2821 Romani.
368 2791 409 2801 -
443 2753 493 2819 66.
525 2756 633 2822 falsus
656 2754 800 2823 militum
821 2778 937 2842 pavor,
961 2759 1031 2842 qui·

51 2861 113 2926 bus
130 2857 281 2926 Caecina
305 2880 365 2924 suo
389 2881 529 2946 corpore
544 2861 635 2924 viam
658 2859 799 2925 claudit.
821 2896 864 2908 ...
879 2859 930 2924 67.
953 2884 1029 2948 pru·

52 2964 134 3029 dens
151 2964 222 3027 eius
239 2961 417 3028 consilium
441 2962 483 3027 de
498 2983 644 3028 recessu.
667 2997 709 3010 —-
726 2961 776 3027 68.
800 2962 885 3028 felix
900 2967 1030 3051 eruptio

50 3069 275 3132 Romanorum
309 3087 352 3130 ex
386 3067 520 3131 castris.
559 3065 675 3131 clades
700 3063 954 3132 Germanorum.
988 3105 1030 3118 —-

50 3169 100 3234 69.
123 3169 334 3255 Agrippinae
349 3168 465 3235 viriles
481 3191 584 3235 curae
599 3167 771 3234 Tiberium
788 3169 969 3236 offendunt.
987 3207 1029 3218 —-

52 3271 99 3338 70.
124 3271 212 3337 duae
234 3271 385 3355 legiones
409 3272 530 3338 itinere
552 3274 705 3337 terrestri
729 3271 908 3338 redeuntes
932 3284 1030 3339 aestu

51 3377 149 3442 maris
181 3377 332 3458 graviter
361 3385 538 3442 vexantur.
584 3411 627 3422 -
661 3373 712 3440 71.
741 3374 848 3440 frater
877 3374 1028 3460 Segestis

52 3480 241 3566 Segimerus
265 3499 339 3543 curn
362 3476 431 3544 filio
455 3480 489 3544 in
507 3477 713 3544 deditionem
736 3486 906 3565 acceptus.
931 3502 1026 3545 exer-

51 3586 134 3650 citus
152 3583 278 3649 damna
294 3581 458 3668 suppleta.
484 3620 523 3632 -—
541 3580 591 3647 72.
608 3579 737 3658 Tiberii
751 3582 833 3648 ficta
849 3581 1025 3648 modestia.
