2530 4084
222 303 283 372 140
548 307 721 358 CORNELII
739 305 862 358 ΤΑΟΙΤΙ

219 497 354 561 ditionis
379 499 411 561 in
428 496 544 562 villam
558 500 779 583 propinquam
794 521 870 562 cum
885 497 1056 563 fidissimis
1071 498 1196 582 pergit.

218 599 286 664 illic
322 619 382 666 sua
410 623 526 683 manu,
561 599 682 686 reliqui
710 602 835 667 mutuis
864 600 990 666 ictibus
1022 599 1196 665 occidere:

219 707 357 768 incensa
382 726 479 790 super
501 704 584 768 villa
609 726 722 768 omnes
747 706 922 770 cremavit.

320 807 371 872 47.
401 807 486 873 Tum
520 807 651 873 demum
673 807 827 872 Tiberius
865 818 974 873 ortum
1006 817 1196 894 patraturu-

219 933 281 996 que
315 910 439 976 bellum
475 913 606 977 senatui
630 913 782 998 scripsit,
816 933 923 998 neque
958 912 1102 999 dempsit
1133 922 1196 976 aut

219 1012 353 1079 addidit
375 1036 471 1098 ver0,
496 1014 555 1079 sed
577 1014 644 1080 fide
667 1039 708 1081 ae
732 1017 856 1081 virtute
880 1015 1030 1100 legatos,
1060 1038 1095 1080 se
1118 1037 1196 1079 con·

220 1117 304 1181 siliis
329 1118 540 1204 superfuisse.
566 1116 662 1183 simul
687 1140 817 1202 causas,
842 1142 902 1184 eur
924 1140 991 1184 non
1016 1121 1105 1205 ipse,
1127 1141 1197 1183 non
1245 1121 1246 1198 l

180 1237 192 1277 ⁵
218 1221 347 1286 Drusus
382 1222 524 1307 profecti
557 1221 603 1286 ad
637 1222 671 1287 id
708 1221 834 1288 bellum
866 1223 993 1305 forent,
1029 1223 1197 1299 adiunxit,

219 1324 483 1406 magnitudinem
518 1327 647 1411 imperii
681 1327 862 1407 extollens,
897 1348 1003 1411 neque
1039 1328 1196 1392 decorum

219 1427 436 1512 principibus,
462 1431 489 1492 si
512 1451 579 1493 una
603 1429 756 1495 alterave
780 1431 902 1494 civitas
927 1429 1057 1514 turbet,
1083 1453 1196 1496 occur-

219 1553 291 1596 rere
315 1534 439 1597 omissa
461 1531 561 1614 urbe,
584 1533 674 1598 unde
698 1535 732 1597 in
756 1535 867 1598 omnia
890 1535 1052 1617 regimen.
1098 1557 1197 1601 nunc.

220 1637 297 1722 quia
320 1656 386 1700 non
401 1645 492 1701 metu
509 1636 660 1720 ducatur,
685 1639 817 1720 iturum,
840 1647 877 1701 ut
892 1639 1088 1724 praesentia
1106 1661 1197 1724 spec·

167 1756 193 1795 10
219 1749 308 1803 taret
336 1751 624 1825 componeretque.
672 1739 851 1805 decrevere
878 1750 992 1826 patres
1020 1751 1104 1806 vota
1138 1763 1197 1827 pro

219 1842 331 1908 reditu
354 1845 423 1908 eius
447 1843 773 1930 supplicationesque
797 1853 829 1909 et
854 1844 923 1908 alia
948 1843 1081 1909 decora.
1109 1845 1197 1910 solus

219 1946 399 2012 Dolabella
430 1946 620 2030 Cornelius,
657 1947 734 2012 dum
765 1949 895 2012 anteire
924 1957 1055 2012 ceteros
1087 1960 1198 2034 parat,

220 2048 401 2116 absurdam
430 2053 464 2115 in
492 2051 722 2117 adulationem
756 2071 970 2138 progressus,
998 2055 1134 2117 censuit
1163 2064 1199 2117 ut
1246 2042 1247 2108 l

221 2176 324 2218 ovans
350 2177 366 2220 e
390 2153 574 2242 Campania
598 2155 715 2220 urbem
737 2157 902 2220 introiret.
933 2157 1037 2239 igitur
1060 2166 1199 2221 secutae

184 2298 187 2310 ·
222 2255 379 2323 Caesaris
395 2257 541 2342 litterae,
566 2259 684 2346 quibus
702 2281 737 2324 se
752 2281 819 2324 nou
843 2269 913 2324 tam
928 2281 1073 2325 vacuum
1088 2259 1199 2344 gloria

220 2361 450 2448 praedicabat,
484 2373 522 2428 ut
556 2374 631 2450 post
665 2364 890 2429 ferocissimas
926 2372 1045 2447 gentes
1079 2363 1195 2448 perdo·

220 2467 338 2548 mitas,
367 2474 418 2531 tot
446 2477 597 2552 receptos
622 2469 655 2531 in
680 2469 816 2533 iuventa
846 2476 904 2532 aut
928 2475 1057 2552 spretos
1082 2468 1198 2530 trium-

220 2569 313 2654 phos,
337 2571 404 2633 iam
428 2571 538 2634 senior
553 2572 834 2655 peregrinationis
859 2568 1073 2635 suburbanae
1097 2571 1199 2633 inane

221 2673 405 2755 praemium
426 2683 564 2757 peteret.

324 2775 375 2840 48.
401 2774 469 2840 Sub
494 2776 581 2842 idem
603 2786 750 2863 tempus,
779 2788 817 2842 ut
839 2798 926 2842 mors
952 2775 1093 2863 Sulpicii
1119 2777 1198 2858 Qui-

222 2880 285 2943 rini
320 2877 463 2964 publicis
500 2882 667 2967 exsequiis
702 2881 987 2966 frequentaretur,
1021 2881 1145 2966 petivit
1179 2905 1199 2945 a

223 2993 350 3046 senatu.
374 2980 458 3046 nihil
482 2982 525 3047 ad
548 2992 695 3047 veterem
719 2992 750 3048 et
773 2985 952 3069 patriciam
976 2982 1199 3069 Sulpiciorum

222 3084 384 3150 familiam
400 3085 570 3166 Quirinius
586 3088 756 3172 pertinuit,
773 3097 864 3151 ortus
882 3086 971 3174 apud
983 3088 1198 3172 municipium

184 3205 196 3243 ⁵
223 3187 429 3252 Lanuvium:
465 3189 525 3253 sed
554 3191 694 3275 impiger
715 3188 857 3254 militiae
881 3200 914 3255 et
938 3188 1072 3254 acribus
1100 3191 1197 3253 mini-

223 3294 334 3356 steriis
359 3291 570 3357 consulatum
593 3293 654 3358 sub
691 3293 768 3357 divo
791 3292 961 3376 Augusto,
985 3315 1064 3357 mox
1093 3317 1196 3379 expu-

224 3397 336 3476 gnatis
366 3417 426 3480 per
453 3392 609 3460 Ciliciam
631 3395 939 3460 Homonadensium
969 3396 1121 3462 castellis
1151 3401 1197 3462 in·

224 3497 335 3580 signia
351 3496 508 3581 triumphi
524 3497 676 3584 adeptus,
701 3497 865 3584 datusque
883 3510 997 3566 rector
1012 3499 1099 3566 Gaio
1115 3499 1196 3567 Cae-

225 3599 291 3662 sari
319 3597 512 3665 Armeniam
539 3600 704 3666 obtinenti
735 3600 907 3668 Tiberium
933 3625 1063 3691 quoque
1089 3605 1196 3672 Rhodi
