2530 4084
248 359 294 411 AB
313 360 475 412 Excussa
495 361 653 412 AUGUSTI
671 361 720 412 111.
740 361 851 412 58-62.
977 360 1038 426 149

50 561 121 618 erat
146 550 353 618 coercendis
378 549 599 618 seditionibus
622 550 752 638 populi,
779 551 911 637 flagitia
933 552 1038 618 homi·

49 679 128 722 num
152 665 194 722 ut
222 656 445 723 caerimonias
471 654 569 722 deum
591 657 810 742 protegentis.
840 658 945 742 igitur
966 656 1038 744 pla·
1067 676 1092 715 10

50 761 156 826 citum
181 770 224 826 ut
246 761 418 825 mitterent
443 759 600 825 civitates
624 761 697 825 iura
714 769 815 846 atque
839 760 981 845 legatos.
1006 772 1040 825 et

49 863 225 948 quaedam
248 862 338 949 quod
360 862 446 928 falso
470 873 716 951 usurpaverant
740 874 857 949 sponte
882 866 1039 948 omisere,

49 967 180 1032 multae
207 967 350 1032 vetustis
376 965 668 1052 superstitionibus
692 976 751 1032 aut
773 950 900 1033 meritis
924 971 959 1034 in
980 991 1038 1054 po-

47 1071 166 1156 pulum
179 1073 368 1138 Romanum
389 1070 550 1138 fidebant.
573 1092 764 1158 magnaque
787 1073 858 1138 eius
882 1071 950 1137 diei
966 1094 1038 1160 spe-

49 1176 116 1240 cies
138 1175 221 1258 fuit,
246 1196 310 1261 quo
326 1185 465 1241 senatus
488 1176 650 1240 maiorum
671 1175 847 1260 beneficia,
871 1178 1038 1242 sociorum
1065 1194 1091 1234 1⁵

50 1290 166 1364 pacta,
193 1301 312 1363 regum
328 1281 439 1361 etiam,
464 1281 616 1365 quiante
638 1280 707 1343 vim
721 1279 907 1345 Romanam
924 1279 1038 1346 value-

50 1395 138 1468 rant,
159 1383 301 1450 decreta
316 1384 527 1470 ipsorumque
550 1384 722 1448 numinum
737 1383 917 1468 religiones
934 1385 1037 1449 intro-

52 1489 176 1572 spexit,
194 1487 310 1570 libero,
327 1496 365 1552 ut
377 1485 555 1573 quondam,
572 1485 654 1572 quid
668 1485 817 1552 firmaret
838 1496 1036 1553 mutaretve.

157 1589 213 1656 61.
236 1590 339 1655 Primi
356 1591 502 1656 omnium
515 1589 656 1676 Ephesii
672 1587 797 1674 adiere,
813 1601 1036 1658 memorantes

52 1714 129 1777 non,
154 1703 196 1759 ut
218 1692 340 1777 vulgus
364 1692 528 1776 crederet,
550 1692 699 1758 Dianam
722 1702 822 1780 atque
845 1693 1036 1779 Apollinem

52 1794 137 1861 Delo
170 1798 320 1882 genitos:
366 1819 438 1862 esse
467 1796 558 1882 apud
587 1819 623 1862 se
652 1794 860 1862 Cenchreum
894 1820 1036 1884 amnem,

54 1898 167 1967 lucum
192 1900 380 1986 Ortygiam,
405 1900 463 1967 ubi
485 1901 655 1966 Latonam
677 1911 778 1987 partu
801 1901 979 1985 gravidam
1002 1912 1035 1967 et

57 2002 165 2088 oleae,
204 2027 289 2091 quae
312 2015 383 2070 tum
405 2005 507 2070 etiam
529 2012 680 2086 maneat,
710 2003 865 2070 adnisam
888 2005 1034 2072 edidisse
1061 2025 1074 2065 5

56 2128 92 2172 ea
127 2111 284 2192 numina,
316 2108 516 2194 deorumque
544 2110 673 2173 monitu
704 2117 873 2174 sacratum
906 2131 1033 2192 nemus,

58 2221 156 2298 atque
185 2215 294 2298 ipsum
323 2211 394 2277 illic
417 2211 609 2298 Apollinem
636 2220 713 2297 post
743 2211 940 2277 interfectos
970 2210 1034 2298 Oy-
1121 2217 1122 2224 ’

59 2312 174 2403 clopas
196 2315 288 2381 Iovis
312 2315 398 2380 iram
420 2316 593 2380 vitavisse.
617 2336 695 2378 mox
710 2313 870 2380 Liberum
892 2325 1033 2402 patrem,

57 2415 141 2483 bello
166 2419 340 2502 victorem,
365 2416 570 2504 supplicibus
586 2414 804 2500 Amazonum,
830 2439 915 2504 quae
939 2442 1034 2485 aram

59 2520 262 2603 insederant,
286 2523 465 2606 ignovisse.
501 2531 637 2586 auctam
659 2520 737 2585 hinc
762 2543 925 2588 concessu
948 2523 1032 2590 Her·
1061 2547 1086 2586 ιο

58 2623 155 2708 culis,
181 2647 256 2691 eum
279 2624 391 2710 Lydia
413 2633 601 2710 poteretur,
631 2625 870 2690 caerimoniam
899 2627 1033 2713 templo,

58 2747 162 2814 neque
177 2727 355 2792 Persarum
371 2727 505 2793 dicione
524 2726 731 2792 deminutum
746 2729 813 2812 ius,
828 2739 906 2814 post
921 2729 1032 2798 Mace-

61 2827 174 2913 donas,
199 2829 275 2895 dein
299 2853 361 2896 nos
386 2833 585 2920 servavisse.

156 2932 208 2997 62.
231 2933 381 2999 Proximi
402 2933 462 2998 hos
486 2933 664 3018 Magnetes
686 2933 727 2998 L.
752 2932 918 3021 Scipionis
944 2947 976 3002 et
991 2937 1032 3002 L.

60 3033 168 3103 Sullae
185 3039 378 3104 constitutis
395 3038 601 3121 nitebantur,
626 3059 764 3124 quorum
780 3039 836 3105 ille
852 3039 1031 3124 Antiocho,

58 3137 105 3208 hio
128 3140 329 3208 Mithridate
351 3143 456 3228 pulsis
478 3142 578 3208 fidem
601 3152 702 3229 atque
718 3145 879 3210 virtutem
893 3144 1032 3229 Magno·

60 3253 121 3312 tum
157 3245 370 3330 decoravere,
404 3249 453 3312 uti
487 3246 622 3312 Dianae
656 3247 923 3334 Leucophrynae
956 3271 1029 3335 per-

60 3349 180 3434 fugium
195 3349 392 3416 inviolabile
414 3351 509 3416 foret.
533 3349 814 3438 Aphrodisienses
831 3352 972 3438 posthac
996 3363 1029 3417 et
1056 3373 1068 3410 ⁵

61 3447 323 3518 Stratonicenses
359 3453 536 3520 dictatoris
566 3453 724 3520 Caesaris
760 3455 802 3521 ob
830 3465 965 3520 vetusta
995 3457 1029 3520 in

60 3559 157 3638 partis
180 3557 301 3621 merita
324 3567 358 3622 et
380 3579 497 3622 recens
522 3557 591 3623 divi
607 3557 754 3643 Augusti
779 3557 949 3622 decretum
971 3557 1029 3622 ad-

61 3659 166 3742 tulere,
191 3658 338 3745 laudati,
361 3660 451 3746 quod
473 3661 675 3728 Parthorum
697 3661 921 3746 inruptionem
944 3659 1028 3724 nihil
