2500 4084
241 363 287 420 ΑΒ
306 363 469 420 axonssu
487 359 645 420 Aususnr
664 362 710 418 vl.
732 364 839 418 n-ao.
967 358 1029 428 229

52 579 185 645 quoque
208 559 359 625 inlustris
384 579 483 645 eques
507 559 677 624 Romanus
708 579 748 624 ac
771 558 876 623 frater
898 563 1030 640 praeto·

52 663 142 745 rius,
172 685 246 728 cum
277 663 449 728 damnatio
473 665 633 746 instaret,
665 663 788 748 seipsi
820 658 1031 724 interfecere.

54 765 173 830 datum
189 775 261 831 erat
279 768 420 850 crimini,
444 766 533 853 quod
548 765 776 852 Theophanen
791 761 1033 849 Mytilenaeum

52 891 218 954 proavum
241 892 353 934 eorum
376 868 437 934 On.
460 869 605 953 Magnus
630 871 717 933 inter
739 868 875 932 intimos
897 865 1033 930 habuis·
1061 872 1085 910 ¹⁵

55 982 118 1055 set,
142 973 299 1059 quodque
316 972 473 1037 defuncto
489 971 686 1058 Theophani
702 969 867 1036 caelestes
891 969 1034 1034 honores

54 1074 193 1141 Graeca
217 1075 370 1142 adulatio
393 1075 569 1141 tribuerat.

160 1179 210 1245 19.
234 1181 316 1246 Post
340 1201 422 1266 quos
439 1178 516 1245 Sex.
533 1179 662 1243 Marius
679 1179 922 1264 Hispaniarum
939 1177 1034 1241 ditis-

54 1286 160 1350 simus
194 1284 343 1350 defertur
371 1286 557 1349 incestasse
585 1283 690 1348 filiam
721 1292 753 1347 et
784 1304 867 1347 saxo
890 1282 1034 1367 Tarpeio

55 1387 213 1452 deicitur·
259 1409 300 1452 ac
329 1409 371 1451 ne
402 1385 540 1452 dubium
563 1386 746 1452 haberetur
768 1385 1036 1470 magnitudinem

54 1491 218 1575 pecuniae
252 1488 342 1554 malo
375 1491 535 1573 vertisse,
565 1491 720 1555 aurarias
756 1491 1036 1574 argentariasque

56 1594 145 1675 eius,
180 1612 381 1679 quamquam
413 1591 681 1679 publicarentur,
712 1591 847 1657 sibimet
880 1591 1037 1656 Tiberius
1064 1594 1076 1634 ⁵

55 1698 216 1782 seposuit.
241 1697 468 1782 inritatusque
492 1696 665 1783 suppliciis
688 1708 847 1781 cunctos,
878 1697 934 1783 qui
963 1718 1036 1761 car-

56 1821 134 1864 cere
158 1799 391 1865 attinebantur
419 1803 573 1866 accusati
605 1802 780 1866 societatis
804 1823 880 1867 cum
904 1799 1037 1882 Seiano,

56 1905 174 1970 necari
197 1902 299 1968 iubet.
323 1906 428 1970 iacuit
450 1906 603 1970 inmensa
628 1913 771 1990 strages,
796 1906 901 1970 omnis
927 1925 1037 1985 sexus,

58 2007 167 2070 omnis
192 2015 304 2088 aetas,
328 2006 489 2073 inlustres
513 2008 698 2093 ignobiles,
729 2008 872 2094 dispersi
897 2016 955 2072 aut
980 2028 1038 2091 ag-

58 2111 181 2194 gerati.
205 2131 312 2196 neque
335 2113 532 2198 propinquis
555 2122 614 2176 aut
639 2114 758 2178 amicis
783 2111 964 2194 adsistere,
990 2111 1038 2174 iu·
1067 2113 1091 2152 ¹⁰

57 2213 253 2296 lacrimare,
284 2236 326 2279 ne
349 2216 459 2280 visere
482 2214 618 2302 quidem
642 2215 768 2281 diutius
794 2214 954 2298 dabatur,
979 2212 1039 2279 sed

58 2319 268 2382 circumiecti
292 2318 452 2384 custodes
476 2329 509 2384 et
532 2321 568 2383 in
590 2341 776 2385 maerorem.
807 2322 967 2407 cuiusque
991 2320 1039 2382 in-

58 2423 147 2487 tenti
164 2442 306 2507 corpora
322 2423 513 2509 putrefacta
530 2423 808 2506 adsectabantur,
833 2423 911 2489 dum
934 2425 968 2489 in
985 2422 1040 2486 Ti·

58 2525 168 2590 berim
185 2525 408 2609 traherentur,
432 2527 490 2592 ubi
505 2528 675 2594 fluitantia
707 2537 765 2592 aut
789 2528 873 2613 ripis
897 2524 1040 2612 adpulsa

59 2651 128 2694 non
145 2649 293 2694 cremare
310 2631 497 2718 quisquam,
513 2652 580 2696 non
597 2631 803 2716 contingere.
820 2629 1041 2696 interciderat
1069 2632 1093 2672 ¹⁵

62 2732 165 2798 sortis
193 2732 359 2797 humanae
389 2736 625 2800 commercium
653 2736 688 2799 vi
716 2743 825 2800 metus
833 2783 841 2817 ,
866 2743 1041 2822 quantum-

62 2856 127 2921 que
152 2836 296 2901 saevitia
320 2835 490 2922 glisceret,
513 2840 686 2904 miseratio
711 2838 903 2905 arcebatur.

167 2935 219 3002 20,
248 2937 317 3004 Sub
352 2940 441 3006 idem
467 2950 597 3028 tempus
630 2940 736 3007 Gaius
760 2939 902 3025 Caesar,
936 2941 1041 3006 disce-

64 3039 159 3105 denti
189 3039 339 3128 Capreas
373 3065 438 3108 avo
472 3065 595 3130 comes,
630 3043 819 3130 Claudiam,
853 3045 898 3109 M.
934 3043 1043 3109 Silani

62 3143 179 3228 filiam,
203 3147 361 3230 coniugio
378 3150 520 3234 accepit,
544 3150 722 3214 immanem
738 3151 885 3214 animum
901 3144 1043 3212 subdola

2 3259 3 3338 i
63 3247 231 3313 modestia
255 3261 383 3334 tegens,
406 3273 473 3316 non
498 3252 715 3318 damnatione
730 3254 859 3334 matris,
883 3274 950 3316 non
975 3252 1043 3315 exi·

2 3361 3 3392 ³
64 3353 113 3417 tio
136 3351 279 3418 fratrum
300 3362 401 3440 rupta
423 3377 523 3439 voce3
547 3355 679 3442 qualem
703 3356 791 3420 diem
814 3354 971 3419 Tiberius
996 3355 1043 3417 in·
1070 3375 1083 3415 a

66 3455 212 3538 (luisset,
248 3459 322 3543 pari
361 3456 497 3542 habitu,
534 3457 626 3524 haud
659 3458 800 3524 multum
840 3458 1045 3546 distantibus

2 3611 3 3634 ,
66 3559 189 3626 verbis.
212 3561 302 3627 unde
325 3583 404 3627 mox
428 3563 550 3628 scitum
572 3563 726 3628 Passieni
750 3565 894 3629 oratoris
919 3563 1046 3629 dictum
