2534 4084
497 272 671 324 CORNELII
689 273 811 324 unclrl

271 462 325 526 39.
350 463 485 528 Interea
512 462 619 546 legati
648 463 691 527 ab
716 472 837 528 senatu
865 483 1055 546 regressum
1084 465 1176 529 iam

168 567 258 654 apud
281 590 376 633 aram
391 565 555 632 Ubiorum
571 563 809 632 Germanicum
825 565 961 631 adeunt.
987 565 1076 652 duae
1110 567 1173 632 ibi

168 672 329 755 legiones,
345 673 452 755 prima
469 681 570 756 atque
585 671 782 753 vicensima,
805 671 1023 756 veteranique
1039 692 1173 755 nuper

167 778 262 841 missi
287 774 348 838 sub
364 771 491 838 vexillo
514 772 719 838 hiemabant.
743 773 886 858 pavidos
911 782 944 837 et
967 773 1168 838 conscien-

130 895 143 934 5
170 881 218 945 tia
234 876 396 942 vecordes
420 879 525 942 intrat
540 887 663 942 metus:
686 879 820 941 venisse
835 887 969 962 patrum
984 879 1076 941 iussu
1097 880 1175 962 qui

170 984 271 1046 inrita
301 982 452 1046 facerent
481 1002 566 1066 quae
594 1001 654 1064 per
677 979 876 1044 seditionem
899 993 1172 1065 expresserant.

169 1097 271 1170 utque
300 1107 371 1149 mos
406 1082 508 1166 vulgo
544 1085 696 1169 quamvis
726 1083 823 1148 falsis
862 1105 955 1147 reum
996 1080 1173 1168 subdere,

160 1173 358 1253 'Munatium
380 1186 543 1251 Plancum
566 1185 745 1251 consulatu
767 1187 934 1268 functum,
963 1187 1173 1271 principem

170 1293 368 1375 legationiS,
404 1300 575 1354 auctorem
616 1300 752 1354 senatus
788 1290 935 1354 consulti
970 1293 1168 1376 incusant3

119 1415 144 1452 10
171 1405 204 1460 et
234 1405 334 1459 nocte
357 1392 522 1458 concubia
556 1391 717 1479 uexillum
747 1395 781 1457 in
819 1393 915 1459 domo
953 1391 1168 1461 Germanici

171 1501 272 1564 situm
292 1497 449 1580 flagitare
473 1498 661 1581 occipiunt,
692 1517 922 1582 concursuque
946 1496 991 1562 ad
1013 1499 1170 1566 ianuam

170 1603 261 1667 facto
285 1598 466 1665 moliuntur
499 1601 597 1682 fores,
622 1610 813 1665 extractum
842 1599 947 1665 cubili
969 1597 1169 1670 Caesarem

171 1704 306 1772 tradere
343 1702 506 1768 vexillum
542 1705 671 1768 intento
705 1705 822 1768 mortis
859 1714 950 1768 metu
980 1704 1166 1786 subigunt.

100 1805 102 1811 ’
171 1830 250 1874 mox
272 1809 353 1890 vagi
375 1809 529 1891 pervias
554 1805 670 1870 obvios
695 1806 842 1872 habuere
864 1806 1007 1890 legatos,
1030 1806 1164 1874 audita

120 1929 144 1968 15
170 1911 443 1976 consternatione
478 1909 522 1974 ad
557 1908 795 1977 Gennanicum
825 1911 1012 1977 tendentes.
1056 1911 1165 1994 inge·

171 2025 249 2081 runt
290 2012 527 2096 contumelias,
566 2014 705 2079 caedem
739 2026 877 2100 parant,
916 2014 1042 2080 Planco
1080 2037 1164 2082 ma-

171 2122 277 2201 xime,
322 2140 418 2204 quem
464 2117 613 2200 dignitas
651 2117 731 2200 fuga
770 2118 1007 2203 impediverat3
1043 2141 1165 2204 neque

172 2223 267 2289 aliud
296 2221 505 2307 periclitanti
537 2220 723 2286 subsidium
751 2244 851 2308 quam
880 2231 994 2286 castra
1023 2223 1165 2306 primae

172 2327 327 2409 legionis.
352 2323 422 2388 illic
447 2325 544 2406 signa
568 2335 602 2388 11
625 2323 773 2410 aquilam
789 2324 964 2411 amplexus
987 2325 1164 2407 religione

122 2447 147 2486 20
174 2451 248 2494 sese
271 2426 456 2508 tutabatur,
480 2448 520 2489 ac
544 2427 580 2490 ni
603 2426 760 2512 aquilifer
775 2425 978 2513 Calpurnius
1002 2429 1070 2491 vim
1093 2449 1163 2493 ex·

173 2544 315 2598 tremam
339 2531 515 2612 arcuisset,
538 2554 651 2595 rarum
674 2532 777 2595 etiam
800 2533 889 2596 inter
910 2533 1036 2614 hostes,
1058 2530 1162 2614 lega-

174 2648 228 2701 tus
257 2631 371 2719 populi
399 2631 543 2697 Romani
570 2632 731 2698 Romanis
762 2636 796 2698 in
827 2637 950 2700 castris
987 2637 1161 2718 sanguine

175 2762 233 2804 suo
266 2735 390 2802 1111111
421 2736 518 2801 deum
548 2736 874 2802 commaculavisset.
905 2736 981 2802 luce
1011 2738 1158 2823 demum,

173 2850 351 2928 postquam
375 2838 444 2904 dux
475 2851 508 2904 11
530 2839 627 2905 miles
652 2851 685 2906 et
707 2840 801 2905 facta
830 2841 1074 2923 noscebantur,
1102 2843 1158 2906 in-

122 2962 147 3003 as
174 2965 308 3028 gressus
332 2954 447 3008 eastra
465 2939 687 3009 Germanicus
703 2943 842 3028 perduci
866 2944 911 3008 ad
934 2967 970 3009 se
986 2942 1154 3009 Plancum

175 3051 316 3132 imperat
338 3048 531 3132 recepitque
555 3048 589 3111 in
612 3046 770 3112 tribunal.
795 3059 864 3113 tum
880 3048 1019 3113 fatalem
1044 3049 1154 3112 incre-

174 3173 258 3236 pans
271 3149 409 3232 rabiem,
422 3171 529 3235 neque
544 3149 696 3234 militum,
710 3149 769 3214 sed
786 3149 882 3216 deum
899 3153 949 3215 ira
965 3171 1155 3234 resurgere,

175 3277 235 3319 eur
249 3255 404 3318 venerint
426 3252 533 3335 legati
549 3256 674 3338 aperit3
698 3256 749 3318 ius
772 3253 953 3337 legationis
977 3265 1079 3341 atque
1103 3255 1153 3338 ip-

176 3360 243 3422 sius
271 3356 392 3422 Planci
426 3376 563 3440 gravem
597 3367 631 3422 et
665 3359 855 3422 inmeritum
888 3379 1020 3440 casum,
1056 3357 1154 3421 simul

122 3479 148 3517 80
176 3472 337 3548 quantum
364 3459 539 3526 dedecoris
564 3461 686 3526 adierit
714 3460 813 3544 legio,
837 3460 983 3526 facunde
1015 3462 1155 3526 misera·
