2500 4084
211 311 272 378 192
436 311 438 316 ·
543 313 717 366 ooauanu
735 313 858 366 suoru
926 335 930 339 -

169 515 181 554 ⁵
209 505 389 572 sisteretur
410 495 609 592 noctemque
634 508 673 572 in
703 505 826 572 castris
849 514 957 572 tutam
993 514 1027 572 et
1049 501 1193 590 vigilem

208 619 436 696 capesserent.
480 609 517 675 id
549 611 657 697 primo
692 620 881 678 servatum:
920 633 1001 677 mox
1028 609 1123 676 versi
1160 609 1193 673 in

208 713 325 779 luxum
349 723 382 780 et
405 716 513 801 raptis
537 713 686 800 opulenti
711 717 864 782 omittere
888 717 1066 797 stationes,
1090 712 1193 779 lasei-

208 820 266 883 via
290 816 463 904 epularum
486 826 545 882 aut
568 839 683 884 somno
707 827 741 883 et
763 820 843 884 vino
866 816 1100 904 procumbere.
1132 816 1193 900 igi-

209 930 264 986 tur
296 922 411 986 hostes
446 922 578 986 incuria
612 943 727 987 eorum
761 932 922 1009 conperta
953 922 1019 987 duo
1054 921 1193 1005 agmina

157 1029 182 1069 ¹⁰
208 1033 347 1110 parant,
383 1045 523 1109 quorum
552 1023 659 1090 altero
687 1025 905 1112 populatores
934 1024 1191 1104 invaderentur,

208 1126 268 1192 alii
291 1136 407 1192 castra
422 1127 575 1194 Romana
591 1128 839 1214 adpugnarent,
862 1152 930 1196 non
946 1151 1006 1216 spe
1022 1125 1191 1214 capiendi,

209 1230 270 1296 sed
291 1240 330 1296 ut
353 1230 515 1315 elamore,
546 1230 625 1298 telis
649 1252 709 1298 suo
733 1234 874 1321 quisque
902 1231 1051 1320 periculo
1085 1234 1191 1298 lnten·

207 1343 263 1400 tus
281 1356 434 1400 sonorem
450 1333 591 1400 alterius
606 1335 726 1422 proelii
741 1333 808 1401 non
825 1338 1004 1422 acciperet.
1028 1334 1190 1401 tenebrae

209 1440 345 1526 insuper
379 1433 532 1504 delectae
567 1437 759 1524 aagendam
787 1439 833 1505 ad
860 1439 1088 1505 formidinem.
1135 1437 1190 1503 sed

157 1543 182 1582 ²⁵
210 1544 266 1628 qui
289 1541 417 1607 vallum
439 1541 610 1626 legionum
632 1541 858 1629 temptabant,
882 1542 984 1609 facile
999 1542 1186 1628 pelluntur,

208 1645 397 1712 Thraecum
421 1646 551 1712 auxilia
581 1649 756 1733 repentino
786 1649 924 1712 incursu
946 1649 1087 1732 territa,
1118 1669 1186 1712 cum

207 1773 287 1837 pars
309 1748 554 1816 munitionibus
579 1750 792 1835 adiacerent,
823 1750 936 1838 plures
967 1761 1067 1817 extra
1096 1751 1184 1839 pala·

207 1862 340 1937 rentur,
370 1863 466 1919 tanto
489 1854 653 1920 infensius
677 1855 788 1939 caesi,
818 1863 945 1942 quanto
968 1856 1134 1943 perfugae
1155 1863 1185 1920 et

207 1949 394 2044 proditores
424 1959 512 2024 ferre
535 1981 629 2024 arma
659 1959 704 2026 ad
732 1981 828 2025 suum
858 1960 1058 2046 patriaeque
1089 1961 1186 2028 servi-

157 2059 182 2098 ²⁰
208 2063 292 2127 tium
313 2061 569 2129 incusabantur.

310 2163 363 2230 49.
397 2166 538 2231 Postera
580 2166 633 2232 die
668 2165 816 2233 Sabinus
856 2167 1045 2233 exereitum
1081 2187 1183 2253 aequo

208 2267 282 2333 loeo
307 2270 474 2355 ostendit,
504 2273 533 2336 si
561 2269 701 2336 barbari
731 2293 890 2337 successu
921 2274 1033 2337 noctis
1058 2269 1184 2335 alacres
1234 2287 1235 2336 t

206 2371 371 2458 proelium
397 2373 570 2440 auderent.
595 2383 627 2439 et
653 2367 832 2462 postquam
855 2373 997 2441 castello
1020 2383 1082 2439 aut
1112 2395 1185 2439 con·
1234 2367 1235 2428 Ῠ

208 2477 332 2542 iunctis
354 2476 492 2542 tumulis
516 2499 582 2542 non
607 2476 902 2561 degrediebantur,
927 2476 1097 2544 obsidium
1118 2499 1186 2543 coe
1234 2481 1235 2552 l

170 2581 260 2666 epit
282 2602 342 2666 per
364 2580 551 2666 praesidia,
584 2601 670 2666 quae
694 2587 813 2667 opport
813 2602 879 2646 une
908 2581 978 2646 iam
998 2577 1235 2662 muniebat3
1234 2605 1235 2672 p

211 2683 288 2749 dein
311 2684 437 2750 fossam
466 2683 672 2770 loricamque
702 2692 888 2750 contexens
913 2692 1075 2770 quattuor
1098 2685 1184 2751 milia
1234 2687 1235 2732 l

208 2808 368 2872 passuum
391 2786 520 2853 ambitu
544 2787 717 2873 amplexus
742 2797 809 2872 est·
843 2799 914 2853 tum
942 2787 1127 2875 paulatim,
1152 2797 1235 2852 nt

210 2913 332 2978 aquam
361 2890 586 2978 pabulumque
617 2892 775 2978 eriperet,
805 2890 1006 2957 contrahere
1036 2891 1181 2960 claustra

183 3005 352 3081 ‘artaque
386 2994 612 3079 circumdare3
647 3005 681 3060 et
715 2995 910 3061 struebatur
945 3015 1067 3080 agger,
1101 2995 1183 3061 unde
1234 2995 1235 3090 l

159 3123 184 3162 ro
211 3123 297 3164 saxa
319 3097 440 3164 hastae
455 3099 552 3182 ignes
568 3100 791 3186 propinquum
805 3100 875 3164 iam
896 3100 932 3165 in
947 3098 1080 3164 hostem
1103 3102 1183 3165 iace·
1234 3101 1235 3180 l

210 3211 336 3267 rentur.
362 3201 422 3267 sed
444 3201 529 3266 nihil
553 3223 659 3288 aeque
683 3224 783 3289 quam
806 3204 881 3269 sitis
905 3200 1090 3287 fatigabat,
1113 3225 1181 3269 cum
1234 3209 1235 3288 l

210 3306 330 3387 ingens
353 3303 534 3369 multitudo
564 3303 783 3390 bellatorum,
814 3305 989 3372 inbellium
1017 3327 1085 3371 uno
1113 3307 1181 3371 reli·
1234 3315 1235 3384 t

211 3425 275 3489 quo
298 3406 391 3470 fonte
413 3413 605 3491 uterentur,
636 3407 735 3473 simul
759 3411 835 3495 equi
858 3417 1029 3493 armenta,
1059 3419 1097 3475 ut
1117 3432 1179 3475 moa
1234 3459 1235 3470 .

211 3503 378 3590 barbaris,
402 3510 499 3571 iuxta
522 3506 650 3594 clausa,
675 3520 828 3594 egestate
842 3511 960 3598 pabuli
983 3514 1179 3596 exanimari;
1234 3523 1235 3548 ¹

161 3633 186 3672 15
214 3601 373 3672 adiacere
406 3627 545 3692 corpora
578 3609 763 3697 hominum,
798 3633 880 3699 quos
914 3613 1075 3700 vulnera,
1109 3635 1178 3703 quos
1234 3619 1235 3704 ζ
