2530 4084
237 281 301 346 124
566 275 739 327 CORNELII
756 276 879 328 TACI'PI

235 471 419 554 adgressas
461 467 620 533 fuderint.
666 489 730 554 quo
769 467 898 552 proelio
932 467 1039 532 Rufus
1074 469 1225 534 Helvius

183 593 209 632 ro
236 575 413 661 gregarius
442 570 538 638 miles
563 572 690 636 servati
719 572 804 636 civis
830 571 931 636 decus
955 571 1091 638 rettsdit
1119 573 1225 638 dona-

236 689 356 764 tusque
380 686 431 742 est
454 674 497 741 ab
521 673 670 760 Apronio
694 673 869 761 torquibus
895 684 927 740 et
951 675 1062 740 hasta.
1089 674 1225 741 Caesar

236 779 370 846 addidit
399 781 545 846 civicam
567 799 741 861 coronam,
765 778 855 864 quod
884 801 951 843 non
981 801 1056 844 eam
1087 803 1224 867 quoque

234 885 404 970 Apronius
421 886 492 949 iure
512 880 722 968 proconsulis
738 879 925 964 tribuisset,
951 893 1091 969 questus
1109 886 1223 968 magis

234 1011 335 1077 quam
358 988 513 1053 offensus.
560 985 619 1050 sed
642 984 842 1051 Tacfarinas
872 985 1036 1072 percsdsis
1060 987 1224 1052 Numidis

183 1112 208 1151 1⁵
236 1102 270 1158 et
294 1091 427 1158 obsidia
462 1088 724 1177 aspernantibus
749 1090 879 1175 spargit
908 1089 1050 1173 bellum,
1085 1091 1150 1156 ubi
1176 1093 1223 1154 in-

237 1205 395 1280 staretur,
420 1195 543 1261 cedens
568 1215 608 1258 ac
631 1215 764 1258 rursum
787 1195 820 1257 in
845 1203 944 1278 terga
967 1216 1139 1260 remeans.
1190 1203 1221 1258 et

237 1300 316 1365 dum
339 1323 379 1365 ea
402 1300 490 1365 ratio
514 1296 661 1362 barbaro
686 1296 759 1378 fuit,
782 1298 921 1362 inritum
944 1297 1141 1384 fessumque
1158 1299 1222 1362 Ro-

236 1426 371 1468 manum
386 1405 520 1489 impune
535 1399 789 1466 ludificabatur:
813 1411 991 1487 postquam
1016 1400 1161 1466 deflexit
1178 1401 1222 1465 ad

236 1508 422 1572 maritimos
438 1506 531 1571 locos
549 1515 582 1570 et
604 1504 765 1588 inligatus
781 1505 910 1590 praeda
932 1506 1069 1570 stativis
1093 1507 1222 1570 castris

184 1629 210 1670 ao
237 1608 457 1692 adhaerebat,
480 1610 586 1674 missu
605 1610 712 1694 patris
736 1607 903 1694 Apronius
928 1606 1119 1674 Caesianus
1145 1632 1222 1676 cum

238 1714 349 1800 equite
373 1722 405 1778 et
430 1712 623 1778 cohortibus
648 1711 853 1795 auxiliariis,
885 1713 959 1799 quis
981 1712 1221 1778 velocissimos
1252 1739 1253 1756 ¹

236 1816 407 1900 legionum
430 1815 621 1898 addiderat,
645 1835 840 1902 prosperam
856 1815 1036 1880 adversum
1050 1815 1221 1880 Numidas

236 1941 386 2006 pugnam
408 1919 492 1985 facit
514 1918 677 2006 pellitque
700 1921 736 1984 in
760 1919 903 1985 deserta.
1252 1909 1253 1984 l

340 2021 392 2088 22.
415 2022 462 2087 At
484 2022 610 2088 Romae
632 2022 774 2108 Lepida,
797 2025 851 2088 cui
875 2045 974 2110 super
997 2021 1219 2088 Aemiliorum
1252 2047 1253 2108 γ

239 2127 341 2192 decus
375 2125 415 2191 L.
451 2124 544 2191 Sulla
580 2135 613 2191 et
647 2124 708 2191 Cn.
741 2127 919 2212 Pompeius
952 2127 1074 2211 proavi
1110 2137 1219 2208 erant,
1252 2135 1253 2194 ἕ

240 2229 388 2295 defertur
412 2227 624 2294 simulavisse
647 2239 780 2315 partum
803 2253 846 2294 ex
868 2230 904 2294 P.
930 2228 1084 2310 Quirinio
1111 2229 1219 2294 divite
1252 2227 1253 2308 l

239 2342 340 2419 atque
364 2332 455 2398 orbo.
502 2331 737 2398 adiciebantur
760 2325 937 2415 adulteria,
962 2353 1093 2397 venena
1118 2355 1219 2420 quae·
1252 2323 1253 2354 ³

199 2462 211 2500 s
240 2438 404 2522 situmque
427 2457 487 2521 per
510 2433 701 2500 Chaldaeos
731 2437 765 2499 in
796 2434 929 2500 domum
951 2433 1131 2519 Caesaris,
1163 2436 1218 2501 de·
1252 2421 1253 2454 ³

237 2538 397 2604 fendente
412 2560 505 2604 ream
519 2538 634 2602 Manio
650 2537 781 2624 Lepido
804 2537 919 2603 fratre.
944 2538 1118 2620 Quirinius
1142 2549 1217 2626 post

240 2642 297 2707 diu
321 2643 447 2709 dictum
476 2641 651 2728 repudium
674 2641 784 2707 adhuc
808 2643 958 2707 infensus
984 2644 1138 2730 quamvis
1169 2644 1217 2706 in·

238 2744 320 2810 fami
343 2766 383 2810 ac
407 2747 543 2810 nocenti
565 2745 814 2810 miserationem
837 2745 1029 2812 addiderat.
1053 2747 1148 2813 haud
1170 2749 1217 2814 fa·
1252 2735 1253 2746 ἵ

239 2847 304 2922 cile
327 2849 400 2935 quis
419 2847 604 2935 dispexerit
627 2847 687 2913 illa
704 2849 739 2914 in
755 2851 950 2932 cognitione
964 2860 1111 2917 mentem
1127 2853 1216 2938 prin·
1252 2835 1253 2842 i

189 2977 213 3016 10
240 2953 340 3038 cipis:
375 2952 460 3018 adeo
483 2955 585 3018 vertit
620 2975 660 3018 ac
689 2955 824 3020 miscuit
854 2955 925 3018 irae
956 2963 988 3019 et
1016 2953 1216 3019 clementiae
1252 2953 1253 2958 ’

241 3058 349 3140 signa.
400 3056 599 3142 deprecatus
626 3058 733 3142 primo
757 3066 926 3140 senatum,
961 3081 1004 3122 ne
1026 3060 1215 3142 maiestatis
1252 3099 1253 3108 κ

240 3160 381 3224 crimina
405 3170 651 3244 tractarentur,
686 3183 766 3226 mox
787 3159 831 3225 Μ.
857 3159 1035 3226 Servilium
1059 3185 1077 3226 e
1099 3183 1215 3227 consu·

240 3261 367 3327 laribus
391 3263 541 3351 aliosque
564 3274 667 3330 testes
693 3263 812 3330 inlexit
836 3264 881 3329 ad
908 3264 1108 3351 proferenda
1133 3289 1215 3352 quae
1252 3305 1253 3308 =

163 3396 166 3401 ·
239 3365 333 3430 velut
367 3368 495 3431 reicere
528 3367 692 3432 voluerat.
726 3367 881 3454 idemque
915 3390 1030 3433 servos
1053 3368 1214 3456 Lepidae,

192 3491 216 3529 a
243 3488 317 3532 cum
350 3468 490 3534 militari
520 3469 675 3535 custodia
705 3469 928 3557 haberentur,
962 3471 1139 3540 transtulit
1172 3473 1215 3538 ad
1252 3517 1253 3534 2

243 3569 398 3634 consules
432 3593 540 3658 neque
569 3595 628 3658 per
656 3582 825 3639 tormenta
861 3576 1066 3659 interrogari
1099 3597 1216 3662 passus
