2552 4084
185 933 621 1047 CORNELII
673 931 957 1042 ΤΑΟΙΤΙ

255 1121 314 1186 ΑΒ
336 1118 544 1187 EXOESSU
565 1118 667 1185 DIVI
688 1116 891 1186 AUGUSTI

490 1258 612 1313 11111
630 1257 668 1311 11.

185 1399 214 1465 1.
239 1398 382 1465 Sisenna
399 1398 536 1464 Statilio
552 1397 592 1462 L.
608 1399 740 1463 Libone
757 1396 953 1463 consulibus
969 1406 1061 1462 mota

76 1504 235 1570 Orientis
258 1523 365 1587 regna
379 1503 642 1588 provinciaeque
657 1502 840 1584 Romanae,
856 1500 954 1565 initio
971 1499 1062 1585 apud

74 1606 225 1672 Parthos
239 1614 322 1688 orto,
339 1607 395 1691 qui
407 1607 550 1690 petitum
561 1604 667 1669 Roma
680 1613 921 1690 acceptumque
937 1625 1061 1688 regem,

78 1711 236 1796 quamvis
261 1709 374 1793 gentis
398 1707 654 1790 Arsacidarum,
684 1717 721 1773 ut
746 1717 923 1773 externum
948 1730 1060 1793 asper·

75 1813 262 1879 nubantur.
286 1813 315 1877 is
338 1812 402 1876 fuit
424 1811 594 1894 Vonones,
619 1811 718 1877 obses
742 1811 898 1895 Augusto
923 1811 1060 1876 datusa
1087 1833 1101 1874 s

77 1917 238 1981 Phraate.
260 1937 340 1979 nam
354 1914 529 1995 Phraates,
547 1934 747 2000 quamquam
765 1913 949 2000 depulisset
966 1938 1061 1980 exer·

77 2022 168 2086 citus
186 2018 355 2104 ducesque
366 2019 545 2102 Romanos,
561 2026 685 2082 cuncta
697 2020 933 2084 venerantium
950 2020 1061 2085 officia

78 2124 125 2189 ad
141 2122 334 2206 Augustum
350 2130 501 2186 verterat
524 2130 722 2207 partemque
743 2120 849 2206 prolis
873 2124 1061 2189 firmandae

78 2227 254 2292 amicitiae
271 2227 421 2308 miserat,
444 2224 536 2290 haud
558 2223 699 2310 perinde
714 2226 823 2289 nostri
846 2236 939 2292 metu
962 2248 1062 2312 quam

77 2329 159 2395 fidei
182 2327 396 2415 popularium
420 2327 562 2392 diffisus.
1088 2351 1112 2389 ιο

184 2430 216 2496 2.
239 2431 320 2496 Post
343 2431 445 2496 finem
466 2430 625 2495 Phraatis
650 2439 683 2495 et
707 2433 921 2515 sequentium
944 2453 1062 2516 regum

79 2537 122 2603 ob
146 2539 301 2602 internas
324 2533 448 2599 caedes
471 2556 595 2600 venere
617 2534 652 2598 in
676 2533 794 2600 urbem
818 2534 926 2619 legati
950 2561 970 2602 a
992 2540 1060 2623 pri-

80 2639 231 2705 moribus
248 2635 395 2720 Parthis,
418 2637 474 2722 qui
490 2637 666 2702 Vononem
688 2639 957 2705 vetustissimum
978 2639 1061 2706 libe-

85 2765 200 2808 rorum
225 2743 295 2806 eius
325 2742 486 2805 accirent.
531 2742 748 2824 magnificum
771 2741 807 2807 id
829 2742 895 2807 sibi
919 2744 1063 2810 eredidit

81 2843 212 2910 Caesar
235 2845 398 2930 auxitque
422 2844 553 2929 opibus.
589 2853 621 2908 et
645 2865 807 2931 accepere
828 2845 968 2912 barbari
992 2845 1060 2913 lae·
1087 2867 1100 2907 5

78 2958 204 3031 tentes,
243 2957 280 3013 ut
315 2948 420 3012 ferme
453 2947 499 3012 ad
534 2969 623 3013 nova
657 2950 808 3034 imperia.
843 2970 922 3014 mox
957 2950 1060 3017 subiit

78 3050 207 3139 pudor:
242 3051 504 3135 degeneravisse
537 3050 704 3134 Parthos,
736 3053 879 3137 petitum
914 3051 983 3117 alio
1019 3075 1061 3118 ex

82 3154 163 3220 orbe
186 3175 311 3239 regem,
340 3154 489 3219 hostium
512 3155 644 3220 artibus
668 3155 848 3237 infectum,
880 3155 950 3220 iam
972 3158 1062 3221 inter

78 3258 273 3343 provincias
307 3257 477 3323 Romanas
509 3257 629 3324 solium
664 3256 908 3323 Arsacidarum
942 3256 1061 3323 haberi

81 3361 232 3445 darique.
256 3358 314 3424 ubi
338 3359 433 3425 illam
456 3360 601 3444 gloriam
623 3360 867 3427 trucidantium
890 3359 1060 3444 Crassum,
1090 3379 1115 3418 10

81 3463 338 3529 exturbantium
366 3464 567 3548 Antonium,
598 3467 626 3530 si
654 3465 860 3551 mancipium
890 3463 1062 3550 Caesaris,

79 3576 129 3632 tot
157 3588 220 3653 per
247 3588 354 3632 annos
380 3569 578 3634 servitutem
600 3589 811 3654 perpessum,
839 3567 977 3634 Parthis
999 3570 1059 3633 im·
