2530 4084
173 1076 608 1190 CORNELII
660 1073 943 1186 TAOITI

239 1263 300 1330 AB
322 1262 530 1330 Excusso
550 1263 652 1329 DIVI
674 1259 876 1330 AUGUSTI

466 1403 589 1458 umus
607 1402 657 1456 1v.

175 1542 201 1607 1.
237 1541 273 1606 Ο.
307 1541 426 1608 Asinio
461 1541 498 1608 O.
527 1542 676 1608 Antistio
712 1540 904 1606 oonsulibus
937 1561 1044 1606 nonus

61 1644 203 1711 Tiberio
228 1669 335 1712 annus
359 1657 431 1713 erat
449 1649 654 1733 compositae
676 1647 726 1711 rei
740 1645 905 1733 publicae,
927 1645 1045 1709 floren-

63 1751 111 1812 tis
137 1749 255 1815 domus
279 1751 370 1831 (nam
393 1749 587 1817 Germanioi
610 1761 751 1824 mortem
774 1753 862 1815 inter
884 1771 1044 1835 prospera

65 1850 245 1934 ducebat),
281 1875 356 1918 oum
390 1863 528 1939 repente
567 1853 707 1919 turbare
750 1854 885 1918 fortuna
924 1855 1043 1940 eoepit,

64 1957 201 2022 saevire
224 1957 295 2042 ipse
319 1967 378 2022 aut
401 1956 630 2022 saevientibus
653 1951 743 2022 vires
766 1955 937 2042 praebere.
983 1959 1044 2021 ini·
1070 1983 1083 2024 ⁵

64 2062 152 2125 tium
182 2069 215 2125 et
243 2082 347 2126 eausa
380 2055 492 2146 penes'
506 2059 640 2125 Aelium
663 2058 822 2125 Seianum
852 2059 1045 2125 cohortibus

64 2164 247 2249 praetoriis
263 2163 481 2250 praefectum,
505 2165 600 2228 ouius
625 2163 665 2228 de
680 2165 832 2249 potentia
856 2185 957 2249 supra
978 2186 1045 2228 me-

65 2269 214 2332 moravi:
236 2289 325 2331 nune
343 2269 516 2350 originem,
539 2289 659 2350 mores,
684 2276 716 2331 et
740 2288 804 2353 quo
820 2267 971 2333 facinore
988 2267 1045 2332 do-

65 2371 286 2436 minationem
307 2379 442 2456 raptum
464 2372 551 2452 ierit,
576 2370 762 2457 expediam.
808 2372 940 2453 genitus
963 2370 1046 2435 Vul-

67 2474 164 2538 siniis
179 2483 277 2559 patre
300 2472 376 2539 Seio
396 2472 564 2539 Strabone
580 2477 690 2559 equite
705 2475 865 2556 Romano,
890 2485 923 2540 et
937 2475 1045 2561 prima
1073 2501 1099 2540 ro

66 2579 209 2642 iuventa
244 2575 366 2641 Gaium
395 2575 575 2642 Caesarem
618 2577 688 2642 divi
711 2577 857 2660 Augusti
891 2589 1046 2664 nepotem

67 2689 231 2762 sectatus,
254 2703 322 2745 non
346 2683 418 2746 sine
433 2703 564 2747 rumore
582 2680 700 2767 Apieio
726 2681 824 2745 diviti
848 2691 881 2746 et
902 2682 1045 2767 prodigo

67 2795 220 2870 stuprum
235 2805 320 2848 veno
338 2783 481 2868 dedisse,
504 2807 584 2850 mox
599 2783 771 2850 Tiberium
786 2784 890 2848 variis
915 2786 1046 2851 artibus

68 2888 234 2969 devinxit,
268 2887 353 2953 adeo
387 2898 423 2952 ut
452 2886 631 2954 obscurum
660 2887 840 2954 adversum
870 2887 955 2954 alios
980 2889 1045 2954 sibi

66 2992 124 3056 uni
147 2992 320 3056 incautum
344 2993 570 3078 intectumque
594 2993 759 3076 officeret,
790 3014 857 3057 non
886 3003 957 3057 tam
980 2992 1044 3057 sol·
1072 3015 1097 3055 15

67 3093 167 3160 lertio
185 3095 319 3180 (quippe
342 3094 450 3159 isdem
465 3095 595 3161 artibus
612 3098 723 3162 viotus
740 3096 805 3177 est)
822 3117 924 3181 quam
947 3096 1045 3161 deum

68 3200 118 3272 ira
141 3199 177 3262 in
201 3219 270 3262 rem
292 3197 488 3280 Romanam,
513 3200 608 3263 ouius
630 3201 706 3284 pari
730 3200 834 3265 exitio
858 3200 968 3282 viguit
991 3221 1045 3264 oe·

69 3301 229 3387 oiditque.
253 3321 374 3386 eorpus
397 3300 448 3366 illi
471 3301 625 3369 laborum
648 3302 808 3385 tolerans,
833 3303 963 3366 animus
987 3325 1044 3366 au-

70 3404 155 3487 dax,
180 3405 231 3468 sui
247 3404 421 3489 obtegens,
445 3406 480 3469 in
504 3405 589 3470 alios
606 3407 819 3489 eriminator3
843 3406 939 3469 iuxta
963 3406 1044 3469 adu-

69 3505 150 3571 latio
176 3516 210 3571 et
232 3507 407 3593 superbia,
437 3508 552 3594 palam
574 3511 778 3596 compositus
801 3509 918 3596 pudor,
953 3511 1043 3573 intus
1072 3530 1097 3569 20

70 3631 196 3676 summa
220 3610 394 3696 apiscendi
417 3611 540 3695 libido,
570 3613 706 3698 eiusque
730 3635 833 3678 eausa
856 3611 955 3677 modo
978 3611 1044 3676 lar-
