2534 4084
225 293 263 359 18
556 294 728 346 conunnu
747 293 869 345 mmm

181 502 194 543 ⁵
220 485 379 568 concivit,
401 492 439 549 ut
454 505 534 570 pars
549 483 696 550 militum
711 482 930 568 gladiatores,
946 483 1003 569 qui
1019 503 1038 547 e
1053 485 1203 550 servitio

217 587 334 654 Blaesi
357 595 465 673 erant,
487 610 567 673 pars
590 595 739 653 ceteram
763 586 911 654 eiusdem
933 585 1098 651 familiam
1121 588 1203 652 vin·

217 694 336 775 cirent‚
359 690 420 755 alii
442 690 487 756 ad
523 690 751 777 quaerendum
773 712 895 777 corpus
930 689 1202 756 effunderentur.

218 815 258 859 ac
291 797 328 860 ni
360 815 504 880 propere
536 815 645 880 neque
678 814 799 878 corpus
833 791 939 858 ullum
971 795 1125 879 reperiri,
1166 805 1203 859 et

218 918 333 963 servos
349 897 512 962 adhibitis
532 896 739 964 cruciatibus
755 895 904 963 abnuere
920 896 1068 981 caedem,
1083 918 1204 982 neque

167 1021 192 1061 ιο
218 1000 269 1067 illi
306 1001 412 1067 fuisse
449 1021 607 1086 umquam
643 1000 783 1065 fratrem
819 1000 1062 1086 pernotuisset,
1100 997 1204 1066 haud

217 1105 358 1171 multum
382 1102 425 1168 ab
449 1105 554 1168 exitio
578 1102 684 1187 legati
713 1101 867 1170 aberant.
896 1101 1049 1170 tribunos
1077 1111 1203 1168 tamen

217 1232 258 1274 ac
280 1209 489 1295 praefectum
512 1216 701 1274 castrorum
718 1217 904 1293 extrusere,
928 1209 1084 1274 sarcinae
1106 1207 1202 1292 fugi·

217 1314 345 1378 entium
368 1310 537 1397 direptae,
561 1320 594 1376 et
616 1313 769 1377 centurio
791 1311 944 1377 Lucilius
979 1311 1202 1392 interficitur,

216 1418 269 1481 cui
299 1414 503 1480 militaribus
532 1415 666 1480 facetiis
689 1414 890 1480 vocabulum
918 1413 1016 1480 ‘cedo
1039 1412 1200 1480 alteram’

166 1539 190 1580 rs
217 1517 421 1602 indiderant,
437 1520 515 1604 quia
528 1517 642 1583 'fracta
656 1519 727 1583 vite
750 1520 784 1582 in
801 1529 896 1603 tergo
912 1517 1030 1584 militis
1047 1516 1200 1583 alteram

217 1621 311 1686 clara
349 1641 432 1686 voce
470 1642 510 1685 ac
546 1641 663 1685 rursus
701 1620 805 1686 aliam
847 1621 1020 1707 poscebat.
1058 1630 1200 1687 ceteros

215 1722 369 1791 latebrae
397 1732 529 1807 texere,
558 1744 624 1789 uno
652 1732 784 1790 retento
808 1722 981 1791 Clemente
1007 1724 1104 1809 Iulio,
1134 1729 1200 1811 qui

216 1826 426 1915 perferendis
455 1825 600 1892 militum
628 1826 800 1893 mandatis
830 1827 1020 1894 habebatur
1049 1827 1199 1896 idoneus

216 1930 258 1997 ob
274 1939 463 2016 promptum
472 1931 660 2014 ingenium.
677 1932 756 2017 quin
772 1933 866 2016 ipsae
882 1932 971 1997 inter
987 1954 1022 1997 se
1038 1930 1198 2015 legiones

164 2058 190 2097 so
216 2043 337 2100 octava
361 2043 395 2098 et
424 2035 542 2121 quinta
572 2033 712 2100 decuma
735 2034 864 2100 ‘ferrum
896 2034 1076 2121 parabant,
1110 2035 1199 2101 dum

215 2139 444 2203 centurionem
470 2147 692 2221 cognomento
716 2135 882 2223 Sirpicum
912 2137 973 2204 illa
1005 2140 1105 2206 morti
1134 2139 1197 2206 de·

214 2241 335 2328 poscit,
358 2239 655 2327 quintadecumani
677 2249 825 2325 tuentur,
852 2242 887 2305 ni
910 2240 1006 2308 miles
1035 2263 1197 2309 nonanus

213 2364 330 2430 preces
347 2353 380 2408 et
403 2342 583 2408 adversum
599 2345 813 2429 aspernantis
829 2345 938 2409 minas
954 2345 1197 2413 interiecisset.

317 2445 369 2511 24.
403 2446 498 2510 Haec
532 2444 650 2512 audita
685 2468 887 2533 quamquam
928 2446 1120 2514 abstrusum
1156 2460 1196 2514 et

213 2550 410 2617 tristissima
434 2569 584 2637 quaeque
607 2552 753 2616 maxime
776 2551 1002 2617 occultantem
1018 2550 1196 2617 Tiberium

213 2652 400 2739 perpulere,
423 2662 460 2717 ut
482 2653 631 2718 Drusum
652 2654 759 2719 filium
783 2676 858 2720 cum
880 2653 1084 2740 primoribus
1106 2656 1195 2719 civi-

213 2758 296 2822 tatis
340 2755 537 2842 duabusque
573 2758 754 2842 praetoriis
792 2757 988 2823 cohortibus
1026 2759 1193 2842 mitteret,

176 2887 188 2926 s
212 2859 316 2924 nullis
346 2861 431 2925 satis
460 2859 563 2924 certis
589 2859 789 2944 mandatis,
818 2882 861 2925 ex
889 2882 926 2925 re
949 2859 1196 2926 consulturum.
1262 2847 1263 2850 ¹

214 2973 248 3028 et
270 2963 424 3029 cohortes
449 2963 580 3028 delecto
603 2963 710 3029 milite
734 2985 835 3050 supra
860 2965 995 3031 solitum
1021 2965 1190 3030 firmatae.

213 3065 351 3132 additur
373 3087 497 3150 magna
519 3087 598 3152 pars
621 3069 829 3153 praetoriani
859 3069 980 3154 equitis
1010 3076 1044 3132 et
1066 3067 1193 3133 robora

213 3167 467 3252 Germanorum,
483 3171 539 3253 qui
555 3178 626 3234 tum
641 3169 799 3236 custodes
815 3172 1010 3256 imperatori
1027 3170 1192 3254 aderant;

213 3272 312 3337 simul
333 3273 495 3357 praetorii
517 3272 708 3357 praefectus
731 3271 848 3338 Aelius
873 3271 1027 3359 Seianus,
1055 3273 1190 3359 collega

161 3402 186 3441 ro
213 3373 372 3441 Straboni
396 3377 486 3460 patri
510 3398 569 3442 suo
604 3375 715 3458 datus,
744 3395 869 3460 magna
903 3377 994 3463 apud
1015 3375 1190 3442 Tiberium

1255 3959 1259 4035 l

212 3479 425 3562 auctoritate,
454 3488 566 3545 rector
589 3479 701 3544 iuveni
739 3488 772 3544 et
810 3481 932 3546 ceteris
962 3481 1190 3567 periculorum

210 3583 499 3669 praemiorumque
537 3591 737 3648 ostentator.
787 3582 900 3649 Druso
943 3585 1187 3672 propinquanti
