2500 4084
205 313 268 390 aaa
537 305 851 375 consensissem

152 530 177 572 1⁰
203 517 276 601 bus,
299 535 378 582 mox
400 511 493 582 urbis
518 527 551 581 et
573 515 715 582 militiae
737 518 852 581 munia
869 514 967 580 simul
990 513 1182 580 obeuntem.
1222 500 1223 510 ¹

204 620 294 708 illius
318 622 494 708 propinqui
523 631 557 686 et
584 620 712 685 adfines
736 619 920 684 honoribus
950 618 1186 703 augebantur3

203 735 240 791 ut
264 727 403 811 quisque
426 723 550 790 Seiano
574 725 733 805 intimus,
767 725 817 788 ita'
846 721 891 788 ad
914 721 1078 788 Caesaris
1108 720 1187 784 ami·

204 830 319 894 citiam
342 827 493 893 validus:
516 837 634 893 contra
658 826 777 914 quibus
794 827 943 891 infensus
968 835 1072 908 esset,
1097 832 1189 890 metu

205 953 245 998 ac
258 931 414 996 sordibus
427 930 718 996 conflictabantur.
741 951 804 995 nec
817 951 1016 1016 quemquam
1030 924 1188 1013 exemplo

153 1047 177 1086 ¹⁵
205 1035 360 1100 adsumo:
396 1043 554 1117 cunctos,
589 1036 646 1121 qui
668 1035 844 1099 novissimi
867 1033 1000 1098 consilii
1026 1041 1188 1118 expertes

203 1139 337 1222 fuimus,
361 1160 433 1204 meo
456 1140 554 1203 unius
572 1137 764 1203 discrimine
789 1136 977 1202 defendam.
1000 1159 1069 1202 non
1098 1136 1188 1198 enim
1234 1139 1235 1160 ¹

205 1241 363 1308 Seianum
378 1241 639 1324 Vulsiniensem,
664 1241 724 1306 sed
748 1239 912 1306 Claudiae
935 1249 968 1305 et
991 1238 1104 1305 Iuliae
1131 1238 1186 1301 do·

203 1368 275 1411 mus
304 1355 450 1440 partem,
485 1368 567 1432 quas
591 1344 769 1411 adfinitate
799 1353 1042 1430 occupaverat,
1077 1353 1186 1421 tuum,
1235 1360 1236 1442 q

202 1448 338 1533 Caesar,
362 1470 538 1533 generum,
561 1450 611 1513 tui
635 1447 830 1514 consulatus
855 1449 997 1529 socium,
1027 1458 1086 1512 tua
1114 1444 1184 1509 offi-
1235 1451 1236 1454 ’

149 1567 175 1605 2⁰
202 1553 256 1617 cia
280 1554 314 1617 in
337 1575 372 1617 re
395 1552 531 1638 publica
555 1562 787 1638 capessentem
811 1551 1015 1617 colebamus.
1038 1573 1107 1615 non
1134 1557 1183 1612 est

202 1666 354 1721 nostrum
378 1659 572 1739 aestimare,
602 1677 699 1741 quem
723 1676 823 1740 supra
847 1665 977 1719 ceteros
1002 1663 1036 1718 et
1059 1651 1182 1739 quibus
1236 1692 1237 1760 ,

203 1760 244 1826 de
267 1762 380 1825 causis
411 1759 575 1825 extollas:
614 1758 677 1824 tibi
700 1780 864 1823 summum
887 1781 996 1823 rerum
1020 1757 1181 1822 iudicium
1236 1771 1237 1810 l

203 1863 237 1926 di
263 1863 394 1946 dedere,
417 1863 515 1928 nobis
540 1862 694 1949 obsequii
717 1862 826 1947 gloria
850 1862 971 1927 relicta
995 1872 1057 1927 est.
1088 1881 1180 1948 spee-

202 1977 312 2030 tamus
335 1988 433 2053 porro
457 1988 543 2052 quae
566 1988 681 2030 coram
703 1966 880 2050 habentur,
904 1968 958 2031 oui
981 1987 1025 2030 ex
1049 1975 1081 2030 te
1100 1985 1178 2052 opes

146 2087 174 2126 2⁵
200 2069 354 2154 honores,
378 2072 450 2157 quis
474 2070 616 2157 plurima
641 2069 781 2135 iuvandi
804 2070 993 2135 nocendive
1015 2069 1179 2155 potentia,

201 2195 287 2258 quae
310 2171 431 2238 Seiano
455 2173 558 2238 fuisse
580 2196 677 2239 nemo
699 2176 885 2258 negaverit.
931 2172 1068 2238 abditos
1091 2175 1180 2259 prin·

200 2277 285 2361 cipis
310 2297 437 2359 sensus,
462 2287 495 2340 et
520 2279 549 2341 si
572 2276 654 2363 quid
676 2277 842 2342 occultius
865 2286 976 2363 parat,
1001 2279 1179 2362 exquirere

202 2379 378 2464 inlicitum,
403 2402 543 2465 anceps:
579 2402 641 2444 nec
665 2380 741 2446 ideo
765 2380 965 2466 adsequare.
988 2402 1041 2462 ne,
1065 2391 1180 2466 patres

201 2485 393 2570 conscripti,
417 2483 571 2549 ultimum
595 2481 709 2548 Seiani
735 2484 840 2567 diem,
865 2483 925 2548 sed
949 2483 1099 2549 sedecim
1124 2507 1177 2548 an·

148 2607 174 2648 so
200 2609 262 2652 nos
286 2588 530 2672 cogitaveritis.
555 2588 657 2652 etiam
673 2585 820 2653 Satrium
844 2598 946 2674 atque
961 2587 1180 2673 Pomponium

200 2690 462 2773 venerabamur;
498 2690 630 2755 libertis
655 2713 785 2778 quoque
815 2711 855 2757 ac
880 2689 1084 2756 ianitoribus
1110 2692 1180 2755 eius

200 2805 375 2860 notescere
404 2816 464 2881 pro
497 2795 677 2877 magnifico
702 2794 946 2881 accipiebatur.
970 2794 1051 2880 quid
1076 2793 1180 2878 ergo?

200 2899 402 2965 indistincta
443 2899 527 2964 haec
563 2898 714 2964 defensio
749 2909 783 2964 et
816 2899 983 2984 promisca
1019 2896 1180 2962 dabitur?

200 3004 298 3067 immo
328 3003 423 3068 iustis
458 3004 608 3068 terminis
644 3002 825 3068 dividatur.
872 3002 1016 3066 insidiae
1044 3002 1080 3065 in
1110 3023 1179 3066 rem

146 3141 174 3182 ³5
200 3104 386 3191 publicam,
415 3104 558 3170 consilia
587 3105 703 3171 caedis
737 3104 916 3171 adversum
945 3107 1178 3190 imperatorem

199 3212 398 3294 puniantur:
423 3208 464 3272 de
488 3209 639 3274 amicitia
663 3217 696 3273 ct
721 3208 841 3273 officiis
866 3208 955 3274 idem
977 3209 1053 3272 finis
1079 3219 1113 3274 et
1136 3219 1176 3291 te,

201 3309 338 3394 Caesar,
362 3321 396 3375 et
417 3333 478 3375 nos
503 3310 709 3376 absolverit'

303 3411 333 3475 9.
357 3411 560 3478 Constantia
576 3415 749 3495 orationis,
773 3424 806 3479 et
823 3414 901 3498 quia
917 3423 1070 3501 repertus
1094 3425 1174 3498 erat,

202 3515 258 3595 qui
284 3513 418 3577 efferret
441 3535 526 3597 quae
543 3536 655 3580 omnes
673 3517 784 3580 animo
803 3516 992 3601 agitabant,
1017 3540 1056 3582 eo
1072 3542 1174 3606 usqne
