2552 4084
284 312 330 362 AB
349 311 512 363 EXCESSU
530 309 688 364 AUGUSTI
707 312 729 362 1.
748 311 858 362 51-53.
1017 313 1058 378 37

64 504 182 568 tione.
208 513 397 589 cunctaque
420 525 506 590 quae
522 500 745 569 Germanicus
768 503 967 586 indulserat,
992 525 1058 568 ser·
1087 517 1112 556 1⁰

64 607 175 672 vavit
201 608 303 672 etiam
326 607 416 694 apud
437 607 650 672 Pannonicos
674 608 853 674 exercitus.

184 710 237 775 53.
260 709 389 778 Eodem
412 733 501 775 anno
524 709 611 776 Iulia
635 733 825 797 supremum
854 710 942 776 diem
965 709 1059 793 obiit,

72 815 122 880 ob
144 815 395 901 impudicitiam
418 815 498 881 olim
520 838 541 880 a
563 824 661 900 patre
676 815 830 901 Augusto
853 813 1059 880 Pandateria

71 917 203 1003 insula,
225 942 305 985 mox
321 919 442 1006 oppido
457 920 671 1003 Reginorum,
695 920 751 1006 qui
769 917 916 984 Siculum
938 917 1060 984 fretum

72 1021 256 1106 accolunt,
289 1021 417 1088 clausa.
461 1023 572 1088 fuerat
615 1024 650 1087 in
683 1023 896 1089 matrimonio
931 1019 1059 1087 Tiberii

70 1124 275 1192 florentibus
299 1123 386 1192 Gaio
411 1135 444 1192 et
465 1125 573 1192 Lucio
590 1125 795 1193 Caesaribus
820 1133 1058 1212 spreveratque
1086 1139 1098 1178 ⁵

71 1239 115 1294 ut
144 1230 314 1314 inparem3
345 1251 408 1295 nee
436 1228 505 1294 alia
538 1240 608 1296 tam
642 1231 762 1295 intima
784 1229 921 1296 Tiberio
955 1250 1059 1295 causa

73 1353 138 1398 cur
173 1331 328 1398 Rhodum
361 1331 571 1398 abscederet.
615 1335 792 1419 imperium
825 1333 967 1419 adeptus
1003 1355 1059 1398 ex·

75 1445 219 1518 torrem,
255 1436 414 1501 infamem
445 1444 478 1501 et
507 1447 584 1522 post
617 1437 830 1502 interfectum
867 1437 1060 1502 Postumum

74 1536 266 1625 Agrippam
284 1541 391 1604 omnis
414 1542 485 1626 spei
502 1561 644 1624 egenam
659 1541 773 1626 inopia
790 1563 841 1606 acx
853 1539 933 1605 tabe
956 1538 1060 1623 longa

73 1643 239 1726 peremit,
276 1641 454 1708 obscuram
482 1643 554 1708 fore
581 1666 698 1710 necem
725 1643 974 1729 longinquitate
1002 1667 1058 1709 ex·
1086 1657 1111 1696 10

74 1745 145 1810 silii
174 1755 281 1811 ratus.
325 1768 389 1831 par
429 1768 533 1811 causa
561 1749 728 1813 saevitiae
764 1748 798 1813 in
828 1745 1059 1834 Sempronium

75 1845 281 1932 Gracchum,
311 1851 368 1935 qui
396 1849 525 1914 familia
556 1849 681 1934 nobili,
711 1848 830 1916 rollers
860 1853 996 1935 ingenio
1025 1860 1058 1915 et

74 1973 183 2036 prave
217 1952 400 2034 facundus,
443 1953 583 2018 eandem
619 1953 742 2019 Iuliam
776 1955 811 2018 in
845 1956 1059 2021 matrimonio

74 2054 186 2120 Marci
210 2055 382 2142 Agrippae
404 2066 643 2122 temeraverat.
666 2078 729 2122 nec
754 2059 782 2122 is
806 2056 942 2123 libidini
964 2057 1058 2123 finis:

73 2158 243 2223 traditam
265 2158 400 2224 Tiberio
428 2162 591 2246 pervicax
621 2160 755 2227 adulter
782 2163 994 2227 contumacia
1024 2174 1057 2228 et
1085 2175 1110 2213 ¹⁵

75 2262 165 2327 odiis
181 2265 217 2328 in
232 2265 389 2329 maritum
404 2263 631 2348 accendebat3
646 2263 855 2352 litteraeque,
872 2288 955 2352 quas
970 2264 1057 2330 Iulia

73 2368 167 2451 patri
190 2365 345 2451 Augusto
368 2389 444 2433 eum
466 2369 691 2433 insectatione
714 2367 842 2434 Tiberii
867 2371 1012 2456 scripsit,
1037 2392 1057 2434 a

76 2466 237 2536 Graccho
266 2473 473 2556 compositae
503 2470 739 2537 credebantur.
786 2473 889 2556 igitur
925 2483 1056 2538 amotus

78 2570 274 2655 Cercinam,
310 2573 419 2639 Africi
452 2576 556 2640 maris
590 2573 754 2657 insulam,
788 2576 1057 2660 quattuordecim

77 2678 178 2741 annis
203 2676 359 2743 exsilium
382 2677 550 2743 toleravit.
582 2689 661 2742 tunc
690 2678 813 2743 milites
844 2679 890 2744 ad
917 2679 1057 2744 caedem
1084 2693 1109 2730 2⁰

75 2781 171 2844 missi
198 2781 356 2846 invenere
380 2784 414 2846 in
437 2783 639 2867 prominenti
662 2780 790 2864 litoris,
817 2781 902 2846 nihil
931 2782 1057 2848 laetum

76 2885 315 2972 opperientem.
338 2907 476 2972 quonmr
491 2886 641 2952 adventu
655 2884 758 2951 breve
773 2896 904 2972 tempus
926 2888 1057 2974 petivit,

76 2998 113 3054 ut
137 3011 292 3074 suprema
330 2989 494 3055 mandata
522 2989 620 3054 uxori
643 2989 808 3055 Alliariae
838 3012 897 3077 per
924 2990 1057 3057 litteras

77 3093 186 3176 daret,
209 3095 440 3180 cervicemque
462 3093 716 3179 percussoribus
741 3093 873 3178 obtulit,
897 3105 1056 3160 constan·

76 3196 126 3260 tia
148 3198 267 3262 mortis
290 3197 381 3263 haud
403 3198 562 3281 indignus
586 3194 781 3283 Sempronio
803 3200 956 3264 nomine:
984 3199 1056 3262 vita
1084 3213 1109 3252 2⁵

78 3297 355 3382 degeneraverat.
379 3301 517 3387 quidam
538 3323 606 3366 non
628 3300 733 3367 Roma
758 3323 814 3367 eos
836 3301 973 3384 milites,
997 3298 1058 3365 sed

79 3401 121 3466 ab
150 3402 193 3466 L.
215 3401 405 3488 Asprenate
434 3424 495 3489 pro
524 3401 662 3469 consule
685 3402 823 3469 Africae
845 3406 966 3469 missos
989 3413 1057 3469 tra·

82 3504 198 3571 didere
220 3516 357 3573 auctore
373 3505 525 3591 Tiberio,
549 3508 606 3594 qui
628 3508 753 3572 famam
769 3506 885 3574 caedis
900 3527 999 3592 posse
1022 3506 1056 3570 iu

81 3605 305 3693 Asprenatem
329 3611 419 3676 verti
441 3609 568 3676 frustra
592 3621 798 3696 speraverat.
