2534 4084
201 253 226 329 4'
528 261 847 342 conuamrmetrr

200 463 318 519 tantae
334 453 413 518 moli
428 475 552 539 parem,
569 452 740 518 Tiberium
752 452 918 518 Neronem
930 461 1100 518 maturum
1117 475 1192 518 an-

200 560 264 641 nis,
288 566 475 643 spectatum
498 555 598 639 bello,
622 556 682 621 sed
696 566 811 621 vetere
834 565 935 642 atque
957 558 1062 621 insita
1077 553 1196 621 Olau-

202 661 278 726 diae
306 661 455 725 familiae
487 660 662 745 superbia,
699 659 871 745 multaque
904 659 1034 726 indicia
1070 662 1195 725 saevi·
1256 693 1257 698 ¹

151 785 175 823 15
202 767 289 848 tiae,
314 785 513 849 quamquam
551 772 759 850 premantur,
795 785 978 848 erumpere.
1022 763 1110 828 hunc
1149 774 1198 828 et

200 869 309 954 prima
322 867 364 931 ab
378 868 520 932 infantia
534 866 691 931 eductum
703 867 737 930 in
759 866 854 931 domo
871 870 1079 951 regnatrice3
1101 889 1195 932 con·
1256 867 1257 884 ¹

202 981 316 1055 gestos
335 972 448 1034 iuveni
471 970 678 1053 consulatus,
697 970 897 1056 triumphos3
920 993 963 1035 ne
986 973 1028 1036 iis
1046 970 1197 1056 quidem

202 1076 322 1157 annis,
342 1074 463 1159 quibus
483 1072 592 1138 Rhodi
617 1075 728 1158 specie
758 1095 911 1138 secessus
935 1073 1032 1140 exsul
1062 1076 1196 1157 egerit,
1256 1071 1257 1076 ’

204 1177 298 1242 aliud
314 1199 413 1263 quam
436 1179 523 1242 iram
546 1186 579 1241 et
603 1176 849 1242 simulationem
874 1186 906 1242 et
930 1187 1079 1243 secretas
1094 1176 1195 1242 lubi·
1256 1257 1257 1260 Ἴ

153 1302 179 1338 2¹>
208 1282 303 1346 dines
326 1280 534 1346 meditatum.
558 1280 719 1346 accedere
746 1290 889 1346 matrem
910 1281 1066 1347 muliebri
1088 1283 1195 1366 inpo-
1256 1269 1257 1304 ¹

202 1386 326 1448 tentia:
344 1383 556 1448 serviendum
571 1383 715 1448 feminae
732 1382 927 1468 duobusque
942 1386 1080 1470 insuper
1098 1385 1194 1450 adu-
1256 1437 1257 1444 ,

202 1487 427 1571 lescentibus,
461 1489 517 1572 qui
552 1509 623 1552 rem
649 1487 819 1572 publicam
847 1489 982 1553 interim
1015 1498 1195 1574 premant,

203 1590 403 1676 quandoque
428 1590 630 1655 distrahant.
1256 1583 1257 1590 ἵ

307 1693 336 1758 5.
361 1693 455 1758 Haec
485 1703 586 1780 atque
615 1693 699 1758 talia
733 1694 945 1778 agitantibus
981 1715 1194 1779 gravescere

204 1797 364 1863 valetudo
394 1797 557 1881 Augusti,
593 1807 625 1863 et
664 1796 801 1883 quidam
830 1797 939 1862 scelus
976 1799 1092 1863 uxoris
1128 1821 1193 1863 su·
1256 1833 1257 1840 κ

206 1901 418 1988 spectabant.
441 1903 564 1987 quippe
586 1923 699 1966 rumor
720 1901 923 1985 incesserat,
945 1923 1071 1986 paucos
1101 1911 1194 1968 ante

205 2027 337 2070 menses
360 2004 561 2088 Augustum,
586 2002 702 2068 electis
733 2006 879 2069 consciis
909 2014 941 2069 et
965 2006 1086 2070 comite
1113 2027 1191 2070 uno

167 2107 315 2172 sFabio
349 2107 508 2189 Maximo,
542 2106 737 2172 Planasiam
770 2116 904 2172 vectum
938 2107 984 2172 ad
1004 2107 1191 2174 visendum

206 2211 410 2296 Agrippam3
433 2210 558 2275 multas
581 2209 652 2274 illic
667 2212 834 2296 utrimque
850 2211 1009 2276 lacrimas
1032 2219 1067 2275 et
1082 2211 1190 2292 signa

206 2315 362 2380 caritatis
379 2335 537 2399 spemque
560 2335 603 2378 ex
626 2336 665 2378 ec
687 2315 759 2378 fore
781 2323 818 2379 ut
841 2315 973 2379 iuvenis
1002 2311 1190 2399 penatibus

208 2419 265 2484 avi
301 2416 516 2482 redderetur:
550 2416 640 2502 quod
671 2416 858 2482 Maximum
896 2420 995 2484 uxori
1031 2417 1190 2482 Marciae

208 2523 391 2607 aperuisse,
415 2519 508 2585 illam
525 2520 656 2584 Liviae.
681 2541 823 2604 gnarum
845 2521 882 2586 id
897 2520 1053 2604 ansari3
1074 2541 1191 2604 neque

157 2642 182 2681 10
208 2625 313 2692 multo
336 2633 412 2710 post
436 2625 606 2688 exstincto
622 2623 783 2708 Maximo,
808 2625 945 2690 dubium
967 2648 1012 2690 an
1028 2625 1188 2710 quaesita

208 2739 330 2812 morte,
366 2728 500 2794 auditos
534 2729 570 2792 in
603 2728 720 2792 funere
754 2729 825 2793 eius
849 2729 999 2794 Marciae
1036 2727 1189 2811 gemitus

211 2842 315 2899 semet
339 2833 538 2916 incusantis,
562 2831 652 2918 quod
674 2853 778 2896 causa
794 2833 891 2897 exitii
906 2833 1028 2897 marito
1051 2831 1188 2896 fuisset.

210 2946 404 3022 utcumque¹
424 2958 461 3000 se
495 2959 536 3000 ea
572 2957 626 3000 ree
664 2934 797 3018 habuit,
831 2935 971 3000 vixdum
1007 2936 1189 3018 ingressus

210 3039 383 3125 Illyricum
405 3039 559 3105 Tiberius
582 3040 736 3124 properis
757 3040 875 3104 matris
898 3038 1022 3103 litteris
1039 3037 1189 3122 accitum

159 3159 183 3199 1⁵
209 3166 317 3229 neque
337 3143 420 3208 satis
437 3152 633 3228 conpertum
655 3150 716 3225 est,
736 3143 919 3226 spirantem
940 3141 1050 3206 adhuc
1069 3138 1187 3222 Augu·

211 3255 299 3312 stum
322 3246 412 3331 apud
434 3245 552 3311 urbem
566 3245 687 3311 Nolam
710 3268 754 3310 an
778 3247 965 3310 exanimem
987 3245 1186 3328 reppererit.

212 3349 348 3415 acribus
371 3372 516 3435 namque
538 3348 703 3414 custodiis
728 3347 862 3414 domum
896 3357 928 3413 et
951 3349 1025 3412 vias
1050 3368 1185 3431 saepse-

212 3463 266 3520 rat
294 3454 406 3537 Livia,
439 3453 587 3538 laetique
613 3451 784 3517 interdum
813 3453 923 3516 nuntii
945 3449 1185 3535 vulgabantur,

214 3551 319 3622 ‹ionec
341 3558 486 3642 provisis
510 3578 595 3642 quae
618 3566 748 3642 tempus
764 3554 923 3620 monebat
947 3553 1045 3620 simul
1069 3575 1184 3618 exces-
