2552 4084
274 333 320 384 AB
339 333 503 386 Excusat]
521 332 680 385 AUGUSTI
698 335 719 382 1.
740 335 849 386 73-76.
1016 331 1058 396 53

184 523 235 590 75.
259 526 329 592 Nec
351 536 487 613 patrum
515 524 765 609 cognitionibus
796 527 941 590 satiatus
971 522 1058 589 iudi·

73 633 153 712 ciis
172 629 353 696 adsidebat
384 632 420 697 in
449 651 554 695 cornu
575 627 768 713 tribunalis,
797 651 840 694 ne
867 637 1059 714 praetorem

74 734 189 802 curuli
205 734 406 821 depelleret3
429 733 601 819 multaque
617 755 655 798 eo
672 755 786 799 coram
810 733 973 798 adversus
989 754 1058 796 am·

75 841 190 906 bitum
221 848 255 904 et
282 840 470 925 potentium
492 859 609 924 preces
643 838 839 904 constituta.
886 836 946 902 sed
980 836 1058 902 dum

75 945 219 1010 veritati
243 941 440 1025 consulitur,
468 941 609 1006 libertas
638 941 925 1027 corrumpebatur.
971 941 1059 1004 inter
1086 949 1099 990 ⁵

75 1069 165 1134 quae
187 1047 268 1111 Pius
291 1044 449 1110 Aurelius
473 1053 609 1110 senator
631 1054 769 1131 questus
792 1043 880 1109 mole
902 1044 1059 1130 publicae

74 1155 156 1218 viae
181 1150 350 1236 ductuque
373 1171 537 1236 aquarum
552 1148 742 1214 labefactas
766 1149 862 1214 aedis
887 1171 977 1232 suas,
1000 1171 1058 1214 au-

74 1254 198 1321 xilium
208 1262 344 1340 patrum
358 1252 551 1320 invocabat.
567 1252 806 1319 resistentibus
823 1254 946 1317 aerarii
962 1275 1059 1338 prae·

73 1358 207 1424 toribus
225 1357 380 1423 subvenit
396 1355 524 1423 Caesar
544 1358 755 1443 pretiumque
772 1355 906 1422 aedium
921 1355 1058 1422 Aurelio

75 1460 209 1543 tribuit,
233 1458 427 1544 erogandae
453 1481 514 1545 per
544 1459 687 1525 honesta
715 1461 880 1544 pecuniae
909 1461 1058 1546 cupiens,
1086 1481 1111 1518 ιο

75 1587 180 1650 quam
202 1565 361 1629 virtutem
386 1562 443 1627 diu
464 1565 621 1647 retinuit,
650 1584 726 1628 cum
748 1573 879 1629 ceteras
909 1572 1058 1629 exueret.

74 1667 254 1754 Propertio
269 1664 380 1731 Celeri
402 1668 581 1751 praetorio,
604 1667 740 1734 veniam
763 1667 890 1732 ordinis
914 1667 956 1733 ob
977 1689 1059 1753 pau-

74 1779 244 1857 pertatem
266 1771 409 1856 petenti,
435 1768 570 1836 deciens
602 1771 794 1835 sestertium
825 1769 970 1856 largitus
997 1781 1059 1856 est,

75 1876 165 1940 satis
181 1883 341 1960 conperto
357 1883 518 1959 paternas
535 1875 565 1938 ei
581 1875 760 1958 angustias
778 1895 863 1939 esse.
887 1884 1058 1961 temptan-

76 1981 122 2044 tis
159 1977 278 2045 eadem
311 1977 397 2043 alios
430 1979 574 2065 probare
610 2000 748 2044 causam
785 1980 917 2044 senatui
947 1979 1058 2062 iussit,
1087 1997 1112 2037 1⁵

75 2082 237 2168 cupidine
261 2083 453 2148 severitatis
477 2084 576 2148 iniis
601 2082 704 2148 etiam
727 2083 901 2168 quaerite
931 2082 1060 2147 faceret

77 2185 233 2251 acerbus.
257 2183 345 2251 unde
368 2187 472 2250 ceteri
489 2185 659 2251 silentium
681 2195 714 2250 et
729 2194 967 2272 paupertatem
982 2207 1060 2250 con·

76 2289 219 2354 fessioni
243 2297 277 2352 et
298 2287 462 2353 beneficio
483 2310 717 2374 praeposuere.

184 2389 235 2457 76.
258 2391 387 2457 Eodem
420 2414 508 2458 anuo
544 2393 713 2457 continuis
742 2393 906 2458 imbribus
937 2401 1057 2458 auctus

77 2495 214 2561 Tiberis
228 2495 333 2582 plana
348 2494 442 2561 urbis
460 2505 700 2580 stagnaverat3
715 2495 927 2563 relabentem
943 2505 1059 2562 secuta

79 2609 130 2664 est
156 2599 387 2664 aedificiorum
410 2609 443 2664 et
465 2599 637 2666 hominum
660 2611 804 2686 strages.
851 2603 956 2686 igitur
985 2622 1059 2664 cen·

80 2705 147 2768 suit
182 2701 321 2767 Asinius
346 2699 465 2767 Gallus
499 2712 537 2768 ut
571 2703 649 2768 libri
680 2701 839 2770 Sibullini
874 2703 1059 2768 adirentur.

78 2807 191 2873 renuit
214 2805 386 2890 Tiberius,
414 2805 555 2892 perinde
590 2805 706 2873 divina
728 2808 943 2893 humanaque
967 2806 1059 2872 obte-
1086 2833 1099 2873 s

78 2930 181 2994 gens3
209 2908 269 2973 sed
292 2907 476 2974 remedium
498 2910 678 2975 coercendi
697 2911 848 2977 *fluminis
871 2910 971 2975 Ateio
996 2908 1059 2975 Oa·

76 3013 186 3098 pitoui
210 3021 242 3077 et
257 3011 298 3076 L.
324 3011 487 3078 Arruntio
510 3012 718 3079 mandatum.
742 3012 909 3079 Achaiam
931 3036 971 3078 ao
988 3013 1059 3078 Ma·

78 3114 256 3181 sedoniam
290 3137 394 3180 onera
429 3114 644 3202 deprecantis
678 3116 786 3182 levari
823 3119 858 3182 in
897 3138 1059 3202 praesens

79 3217 312 3305 proconsulari
356 3218 495 3304 imperio
540 3219 697 3306 tradique
734 3217 876 3285 Caesari
918 3219 1058 3306 placuit.

80 3321 219 3388 edendis
244 3319 502 3406 gladiatoribus,
535 3345 618 3411 quos
642 3321 836 3389 Germanici
871 3325 988 3389 fratris
1017 3344 1058 3387 ac
1086 3351 1112 3390 ro

80 3446 140 3490 suo
169 3426 303 3491 nomine
334 3424 519 3508 obtulerat,
564 3425 696 3491 Drusus
725 3427 913 3512 praesedit,
943 3447 1058 3512 quam·

80 3549 182 3614 quam
198 3527 258 3592 vili
282 3529 448 3613 sanguine
470 3530 571 3594 nimis
587 3527 757 3614 gaudens,
780 3529 870 3615 quod
885 3531 920 3595 in
936 3529 1057 3614 vulgus

79 3629 333 3697 formidolosum
348 3641 382 3697 et
398 3639 496 3718 pater
511 3633 666 3716 arguisse
684 3630 871 3697 dicebatur.
895 3653 956 3697 cur
979 3632 1055 3699 abe-
