2552 4084
218 269 258 335 72
551 269 724 321 coruum
742 266 864 323 urorur

213 480 376 546 praesens
400 459 517 526 obiret.
543 459 640 526 simul
664 459 886 542 adnectebat,
911 459 940 523 si
962 458 1051 523 foret
1081 455 1198 521 adhuc

212 562 418 648 bellandum,
441 563 647 649 relinqueret
661 564 838 630 materiem
853 561 958 627 Drusi
980 561 1099 626 fratris
1118 559 1196 644 glo-

212 667 299 750 riae,
317 668 374 752 qui
396 665 489 731 nullo
512 676 583 732 tum
606 665 673 732 alio
696 665 792 732 hoste
814 686 883 731 non
904 665 972 730 nisi
996 663 1087 750 apud
1110 661 1194 728 Ger·

212 770 344 834 manias
369 768 509 856 adsequi
532 791 654 835 nomen
676 771 925 856 imperatorium
957 767 1194 854 etdeportare

161 891 186 931 2⁵
200 871 364 938 'lauream
385 883 509 958 posset.
532 872 624 938 baud
647 883 827 940 cunctatus
857 881 909 938 est
939 871 1028 938 ultre
1052 869 1193 937 Germa-

212 979 319 1062 nicus,
343 997 545 1064 quamquam
559 978 643 1062 fingi
665 999 706 1042 ea
723 998 824 1065 seque
839 997 900 1063 per
914 975 1079 1042 invidiam
1095 985 1192 1062 parto

214 1081 282 1146 iam
305 1079 420 1147 decori
441 1080 598 1148 abstrahi
621 1081 845 1167 intellegeret.

315 1183 366 1248 27.
392 1183 460 1250 Sub
484 1185 574 1250 idem
596 1196 727 1272 tempus
750 1209 769 1252 e
790 1186 922 1252 familia
939 1183 1192 1251 Scriboniorum

212 1289 300 1356 Libo
316 1289 448 1355 Drusus
464 1289 615 1356 defertur
636 1289 748 1355 moliri
763 1312 816 1356 res
833 1309 950 1355 novas.
976 1290 1047 1354 eius
1063 1289 1192 1372 negotii

212 1395 361 1475 initium,
391 1393 560 1478 ordinem,
595 1391 697 1458 finem
720 1395 870 1460 curatius
906 1392 1080 1476 disseram,
1115 1393 1193 1478 quia

213 1489 284 1562 tum
305 1498 448 1583 primum
470 1507 604 1582 reperte
628 1506 706 1561 sunt
729 1517 816 1582 quae
837 1517 897 1582 per
920 1504 970 1561 tot
993 1517 1101 1561 annos
1125 1517 1194 1559 rem

174 1617 186 1657 ⁵
212 1599 384 1687 publicam
401 1599 554 1666 exedere.
570 1599 718 1666 Firmius
731 1597 837 1666 Catus
855 1610 1001 1683 senator,
1018 1621 1062 1664 ex
1074 1599 1193 1663 intima

212 1703 355 1770 Libonis
379 1705 547 1788 amicitia,
578 1707 734 1771 iuvenem
764 1704 978 1792 inprovidum
1002 1714 1035 1770 et
1058 1701 1195 1768 facilem

211 1807 369 1876 inanibus
387 1809 432 1875 ad
443 1807 691 1874 Chaldaeorum
705 1811 881 1896 promissa,
897 1827 1072 1892 magorum
1085 1827 1193 1888 sacra,

213 1913 416 1978 somniorum
445 1915 547 1978 etiam
578 1915 779 2000 interpretes
810 1911 957 1998 impulit,
986 1910 1066 1976 dum
1096 1932 1193 1996 proa-

165 2023 168 2030 '
212 2037 291 2082 vum
313 2016 522 2103 Pompeium,
553 2017 692 2082 amitam
716 2015 946 2099 Scriboniam,
982 2035 1069 2101 quae
1091 2034 1194 2099 quon-

161 2132 186 2173 10
213 2120 292 2188 dam
307 2119 452 2206 Augusti
469 2122 619 2186 coniunx
633 2120 754 2203 fuerat,
779 2117 998 2185 consobrinos
1016 2114 1193 2198 Caesares,

212 2224 348 2311 plenam
376 2225 583 2310 imaginibus
612 2224 745 2290 domum
776 2233 943 2305 ostentat,
974 2221 1195 2307 hortaturque

201 2327 259 2394 ed
280 2327 397 2394 luxum
419 2337 452 2394 et
479 2349 536 2394 aes
560 2328 717 2413 alienum,
742 2329 853 2393 socius
876 2325 1056 2391 libidinum
1080 2332 1115 2389 ct
1137 2345 1192 2388 ne·

202 2434 422 2517 cessitatem,
445 2453 508 2519 quo
531 2431 683 2518 pluribus
707 2430 843 2496 indiciis
868 2429 1038 2514 inligaret.

315 2533 367 2600 28.
390 2535 437 2602 Ut
461 2536 545 2600 satis
570 2537 706 2600 testium
736 2545 769 2600 et
791 2534 848 2620 qui
873 2534 964 2597 servi
993 2530 1112 2596 eadem
1135 2552 1191 2595 no·

215 2649 348 2704 suerent
376 2641 538 2725 repperit,
577 2637 707 2704 aditum
741 2637 786 2703 ad
814 2639 1001 2724 principem
1034 2634 1193 2721 postulat,

213 2737 443 2808 demonstrato
475 2744 614 2808 crimine
644 2752 677 2807 et
706 2763 763 2808 reo
785 2763 845 2828 per
874 2739 1039 2806 Flaccum
1068 2738 1192 2804 Vescu-

213 2844 335 2910 larium
351 2847 495 2934 equitem
510 2846 706 2930 Romanum,
729 2846 784 2911 cui
807 2845 945 2931 propior
966 2863 1043 2908 cum
1058 2841 1191 2907 Tiberio

175 2974 187 3013 s
212 2969 294 3014 usus
317 2959 401 3015 erat.
436 2947 565 3015 Caesar
587 2948 750 3014 indicium
776 2948 869 3014 haud
891 2956 1093 3034 aspernatus
1116 2967 1192 3011 con-

215 3071 350 3137 gressus
374 3052 509 3119 abnuit:
554 3073 653 3140 posse
683 3054 772 3118 enim
803 3051 919 3117 eodem
942 3049 1071 3115 Flacco
1094 3052 1192 3115 inter·

213 3158 331 3222 nuntio
348 3177 517 3221 sermones
540 3176 739 3222 commeare.
764 3165 865 3241 atque
880 3155 1015 3219 interim
1030 3151 1192 3218 Libonem

215 3270 314 3325 ornat
346 3269 525 3347 praetura,
559 3259 773 3326 convictibus
808 3257 963 3340 adhibet,
997 3277 1065 3322 non
1099 3254 1192 3320 vultu

214 3363 401 3446 alienatus,
426 3385 493 3427 non
514 3363 629 3429 verbis
653 3363 851 3429 commotior
886 3360 984 3443 (adeo
1007 3361 1094 3423 iram
1117 3377 1191 3423 con·

164 3489 190 3528 ιο
217 3465 381 3548 diderat),
404 3472 593 3550 cunctaque
616 3467 689 3530 eius
713 3463 806 3530 dieta
829 3464 999 3550 iactaque,
1022 3484 1099 3527 eum
1120 3482 1188 3548 pro·

215 3567 332 3634 bibere
347 3577 472 3654 posset,
496 3569 584 3633 scire
606 3565 766 3650 malebat,
791 3566 897 3633 donec
914 3566 1030 3632 Iunius
1044 3562 1191 3652 quidam,
