2500 4084
221 378 285 443 242
549 377 726 429 coenatu
743 377 864 429 'rhem

220 571 429 636 contermina
446 567 608 654 Scythiae
630 568 747 652 fugam
768 565 962 647 maturavit,
986 585 1045 650 spe
1070 564 1203 647 auxilii,

169 691 194 731 2⁰
221 673 300 758 quia
328 671 500 758 Hyrcanis
528 669 783 757 Carmaniisque
811 692 871 755 per
904 667 1121 734 adfinitatem
1155 670 1204 732 in·

220 797 328 843 nexus
360 786 450 842 erat:
484 785 586 864 atque
620 777 755 842 interim
782 793 882 861 posse
904 773 1049 840 Parthos
1080 771 1204 837 absen-

220 882 304 945 tium
326 900 469 967 aequos,
498 877 735 966 praesentibus
764 875 923 961 mobiles,
951 875 997 943 ad
1024 877 1204 964 paeniten-

220 985 305 1049 tiam
327 986 462 1051 mutari,

324 1085 376 1150 37.
400 1085 446 1152 At
475 1084 634 1153 Vitellius
663 1085 805 1172 profugo
836 1084 1012 1152 Artabano
1042 1092 1076 1151 et
1104 1083 1203 1149 flexis

222 1190 266 1257 ad
290 1212 413 1257 novum
429 1211 542 1275 regem
558 1189 772 1277 popularium
788 1191 920 1274 animis,
942 1189 1099 1255 hortatus
1116 1187 1203 1252 Tiri-

223 1295 325 1360 daten
347 1305 470 1379 parata
486 1315 676 1380 capessere,
700 1294 802 1359 robur
824 1293 995 1378 legionum
1019 1293 1203 1358 sociorum·

221 1420 286 1485 que
319 1399 428 1484 ripam
469 1396 515 1463 ad
546 1396 730 1485 Euphratis
766 1397 871 1463 ducit.
916 1394 1202 1474 sacrificantibus,

185 1519 300 1567 ccum
332 1501 387 1566 hic
417 1523 510 1568 more
535 1502 687 1567 Romano
723 1501 963 1568 suovetaurilia
994 1499 1109 1582 daret,
1146 1497 1202 1562 ille

222 1627 341 1690 equum
363 1604 533 1690 placando
557 1607 648 1671 amni
671 1605 891 1689 adornasset,
920 1605 1124 1670 nuntiavere
1148 1623 1200 1666 ac·

222 1708 318 1774 colae
340 1708 537 1794 Euphraten
564 1708 660 1774 nulla
687 1709 844 1774 imbrium
867 1711 901 1775 vi
930 1718 1049 1795 sponte
1082 1715 1118 1771 et
1154 1707 1200 1769 in·

222 1833 373 1877 mensum
389 1810 511 1895 attolli,
535 1811 633 1876 simul
648 1811 842 1877 albentibus
866 1813 991 1898 spumis
1015 1813 1050 1875 in
1065 1808 1201 1875 modum

224 1914 428 1980 diadematis
445 1915 578 1980 sinuare
595 1913 703 1998 orbes,
720 1917 908 2002 auspicium
922 1915 1074 2001 prosperi
1090 1923 1201 1978 trans-

171 2037 197 2076 ιο
224 2037 371 2100 gressus.
399 2015 538 2103 quidam
561 2015 718 2083 callidius
746 2017 1072 2103 interpretabantur,
1102 2017 1201 2081 initia

222 2130 364 2185 conatus
380 2119 531 2185 secunda
553 2142 662 2208 neque
679 2121 848 2207 diuturna,
873 2123 950 2208 quia
967 2143 1091 2205 eorum,
1117 2141 1201 2206 quae

222 2233 314 2290 terra
338 2223 476 2290 caelove
498 2224 794 2310 portenderentur,
824 2227 949 2291 certior
970 2225 1072 2306 fides,
1095 2223 1201 2288 flumi-

222 2348 301 2392 num
326 2325 497 2391 instabilis
520 2335 644 2392 natura
668 2327 765 2393 simul
789 2327 983 2394 ostenderet
1011 2329 1127 2394 omina
1150 2349 1201 2392 ra·

222 2439 392 2516 peretque.
438 2429 499 2494 sed
526 2428 629 2517 ponte
656 2430 800 2496 navibus
830 2431 947 2497 effecte
974 2433 1202 2518 tramissoque

172 2553 197 2594 1⁵
224 2535 377 2600 exercitu
404 2535 530 2619 primus
554 2532 773 2620 Ornospades
795 2533 910 2600 multis
939 2537 1087 2622 equitum
1117 2534 1201 2600 mili-

222 2637 285 2703 bus
319 2638 354 2701 in
384 2645 500 2702 castra
522 2639 632 2722 venit,
667 2637 762 2703 exsul
792 2638 962 2725 quondam
990 2647 1023 2705 et
1054 2638 1202 2720 Tiberio,

224 2763 300 2807 cum
314 2739 543 2806 Delmaticum
565 2740 689 2808 bellum
705 2742 897 2826 conficeret,
921 2743 1013 2808 haud
1036 2742 1203 2826 inglorius

223 2843 408 2910 auxiliator
441 2865 547 2930 eoque
576 2845 717 2910 civitate
744 2845 897 2910 Romana
928 2844 1090 2927 donatus,
1126 2867 1204 2910 mox

223 2948 368 3035 repetita
403 2947 554 3013 amicitia
587 2947 679 3032 regis
713 2947 818 3014 multo
848 2949 938 3034 apud
967 2971 1041 3013 eum
1065 2948 1204 3032 honore,

171 3073 197 3112 ro
223 3051 414 3137 praefectus
438 3051 577 3137 campis,
601 3053 658 3137 qui
680 3049 855 3137 Euphrate
878 3061 913 3116 et
936 3052 1040 3136 Tigre
1064 3053 1203 3120 inclutis

221 3154 380 3220 amnibus
410 3154 598 3221 circumflui
619 3154 884 3240 Mesopotamiae
912 3177 1034 3222 nomen
1065 3178 1203 3244 accepe-

224 3267 313 3324 runt.
336 3280 445 3345 neque
467 3257 571 3325 multo
594 3268 671 3344 post
694 3256 858 3324 Sinnaces
882 3269 985 3344 auget
1006 3262 1142 3346 copias,
1173 3273 1202 3326 et

224 3359 378 3426 columen
410 3363 557 3446 partium
585 3361 807 3445 Abdagaeses
841 3383 962 3447 gazam
996 3371 1028 3429 et
1061 3373 1201 3450 paratus

225 3463 337 3545 regios
365 3462 482 3528 adicit.
526 3463 684 3530 Vitellius
714 3475 904 3532 ostentasse
926 3466 1080 3534 Romana
1110 3489 1201 3534 arma

175 3583 201 3622 as
226 3565 312 3628 satis
345 3575 438 3630 ratus
472 3576 584 3632 monet
616 3567 794 3635 Tiridaten
826 3571 1071 3656 primoresque,
1104 3571 1201 3654 hunc,

226 3663 383 3730 Phraatis
414 3667 470 3732 avi
499 3676 532 3734 et
562 3667 681 3736 altoris
704 3668 862 3738 Caesaris
893 3694 1046 3760 quaeque
1076 3677 1199 3743 utrobi·
