2500 4084
233 345 279 394 ns
297 345 461 397 nxcnssu
479 346 637 399 nucusm
655 347 701 400 u.
720 348 830 399 ae-ao.
982 343 1045 407 233

59 535 136 601 sub
159 534 300 600 verbere
323 536 546 618 centurionis,
569 537 658 602 inter
681 557 852 600 servorum
880 536 967 598 ictus
991 557 1048 599 ex-

61 649 192 725 trema,
205 639 298 704 vitae
322 636 484 704 alimenta
505 637 633 704 frustra
657 647 822 704 orantem.

175 740 226 805 25.
259 740 415 807 Nondum
450 742 478 805 is
518 741 613 807 dolor
651 742 855 826 exoleverat,
894 765 969 808 cum
1008 743 1049 808 de
1079 759 1083 768 ’

57 845 260 932 Agrippina
295 843 463 928 auditum,
497 867 598 931 quam
631 847 810 912 interfecto
835 845 957 912 Seiano
991 869 1049 933 spe

60 958 299 1015 sustentatam
322 949 511 1036 provixisse
535 972 620 1031 reor,
645 959 677 1014 et
700 960 878 1037 postquam
899 949 984 1015 nihil
1009 950 1050 1015 de

68 1054 224 1120 saevitia
238 1052 485 1136 remittebatur,
508 1052 683 1119 voluntate
700 1055 915 1138 exstinetam,
938 1055 1005 1118 nisi
1022 1055 1050 1118 si

63 1158 209 1241 negatis
226 1156 396 1222 alimentis
413 1155 636 1222 adsimulatus
660 1165 711 1222 est
727 1157 820 1240 linis,
845 1159 902 1243 qui
917 1157 1048 1222 videre·
1076 1188 1086 1225 s

64 1271 128 1326 tur
144 1270 263 1347 sponte
288 1268 448 1346 sumptus.
474 1260 642 1325 enimvero
666 1259 821 1325 Tiberius
844 1259 1049 1326 foedissimis

66 1362 369 1430 criminationibus
399 1364 543 1446 exarsit,
572 1362 817 1448 impudicitiam
846 1384 991 1447 arguens
1016 1372 1049 1427 et

64 1467 227 1532 Asinium
244 1464 380 1532 Gallum
403 1466 602 1548 adulterum,
627 1468 764 1552 eiusque
787 1476 894 1533 morte
918 1467 963 1533 ad
978 1477 1048 1532 tae·

64 1571 163 1636 dium
192 1569 284 1636 vitae
313 1570 518 1657 conpulsam.
564 1569 625 1635 sed
654 1569 843 1657 Agrippina
872 1572 972 1657 aequi
999 1572 1048 1634 in·

63 1676 221 1761 patiens,
246 1674 442 1739 dominandi
466 1673 585 1757 avida,
607 1672 765 1738 virilibus
790 1675 880 1738 curis
909 1674 1047 1740 femina·
1076 1703 1102 1742 ιο

63 1799 143 1843 rum
175 1777 261 1844 vitia
296 1788 446 1844 exuerat.
492 1776 609 1842 eodem
644 1776 698 1841 dic
736 1776 945 1861 defunctam,
983 1800 1047 1865 quo

66 1881 209 1946 biennio
239 1891 319 1946 ante
350 1880 493 1947 Seianus
521 1900 649 1967 poenas
682 1879 820 1964 luisset,
854 1883 1048 1947 memoriae·

65 2007 133 2070 que
171 1983 208 2049 id
244 1983 454 2071 prodendum
491 1982 626 2048 addidit
661 1982 790 2050 Caesar
828 1986 1047 2070 iactavitque,

66 2087 160 2174 quod
182 2109 250 2152 non
274 2086 393 2174 laqueo
418 2086 634 2171 strangulata
666 2111 773 2174 neque
806 2089 841 2153 in
865 2087 1048 2154 Gemonias

65 2192 222 2276 proiecta
237 2191 335 2257 foret.
359 2199 458 2257 actae
482 2190 524 2256 ob
548 2189 584 2255 id
600 2201 716 2275 grates
740 2191 987 2278 decretumque,
1010 2201 1048 2257 ut
1076 2219 1101 2259 ιε,

67 2295 223 2378 quintum
240 2293 414 2360 decumum
435 2293 506 2360 kal.
522 2294 732 2378 Novembris,
756 2296 931 2381 utriusque
954 2297 1048 2362 necis

68 2398 136 2482 die,
158 2419 220 2484 per
242 2400 349 2464 omnis
373 2420 480 2464 annos
505 2399 627 2464 donum
650 2399 723 2464 Iovi
748 2410 950 2466 sacraretur.

173 2500 225 2567 26.
247 2501 350 2568 Haud
378 2502 483 2568 multo
514 2513 591 2589 post
620 2500 783 2568 Cocceius
805 2502 934 2584 Nerva,
969 2523 1047 2568 con·

66 2607 183 2671 tinuus
220 2608 381 2693 principi,
420 2608 527 2672 omnis
573 2604 680 2670 divini
717 2605 920 2693 humanique
963 2607 1047 2670 iuris

68 2711 197 2793 sciens,
227 2711 360 2794 integro
392 2721 498 2793 statu,
529 2731 668 2794 corpore
702 2708 847 2791 inlaeso,
881 2709 1045 2776 moriendi

67 2811 246 2878 eonsilium
268 2815 367 2900 cepit.
406 2813 495 2899 quod
517 2823 554 2879 ut
577 2812 713 2878 Tiberio
737 2815 927 2896 cognitum,
957 2811 1047 2878 adsi·

70 2916 160 3001 dere,
194 2938 318 2982 causas
341 2919 521 3005 requirere,
556 2917 682 2982 addere
705 2937 833 3001 preces,
867 2917 968 2980 fateri
990 2938 1047 3002 po·
1075 2945 1087 2983 ⁵
1187 2980 1189 2984 ,

69 3031 194 3086 stremo
218 3041 324 3106 grave
348 3021 588 3103 conscientiae,
623 3040 727 3104 grave
749 3019 860 3083 famae
884 3041 982 3101 suae,
1018 3021 1048 3084 si

67 3125 241 3209 proximus
285 3125 468 3189 amicorum
511 3123 612 3188 nullis
655 3122 821 3188 moriendi
858 3122 1046 3187 rationibus

67 3229 174 3292 vitam
196 3227 338 3311 fugeret.
383 3237 561 3293 aversatus
590 3247 775 3292 sermonem
796 3225 911 3291 Nerva
943 3225 1047 3291 absti-

67 3330 218 3395 nentiam
234 3329 303 3396 cibi
318 3331 504 3395 coniunxit.
521 3329 675 3396 ferebant
692 3332 791 3414 gnari
803 3331 1047 3414 cogitationum

69 3435 152 3516 eius,
187 3442 313 3520 quanto
345 3435 481 3519 propius
515 3433 605 3500 mala
638 3434 687 3498 rei
721 3433 877 3520 publicae
910 3435 1046 3516 viseret,
1075 3461 1099 3500 ro

68 3538 119 3602 ira
144 3546 177 3602 et
199 3546 300 3621 metu,
325 3536 403 3601 dum
426 3537 568 3622 integer,
593 3536 671 3603 dum
693 3538 923 3625 intemptatus,
945 3536 1046 3603 hone-

70 3650 158 3706 stum
179 3640 280 3706 finem
300 3639 458 3706 voluisse.
