2530 4084
269 287 316 340 ΑΒ
334 287 497 342 EXCESSU
515 287 673 341 AUGUSTI
691 290 740 340 111.
760 289 870 340 55-58.
1006 285 1065 350 147

59 507 246 571 propere,
277 485 337 550 scd
359 506 418 569 per
447 495 521 548 octo
552 504 658 548 annos
692 491 791 568 capto
826 480 1066 565 experimentO,
1094 494 1119 534 20

60 589 291 674 compressis
321 587 559 670 seditionibus,
588 587 783 672 compositis
806 583 921 666 bellis,
950 583 1066 648 trium-

60 690 224 776 phalem
258 700 291 755 et
318 690 372 755 bis
406 689 578 754 consulem
605 690 677 754 noti
711 687 838 753 laboris
866 685 1067 772 participem

65 797 186 860 sumi.

193 895 244 959 57.
278 897 527 984 Praeceperant
561 898 681 961 animis
721 895 906 961 orationem
940 903 1065 979 patres,

66 1022 151 1086 quo
178 1001 362 1086 quaesitior
384 999 535 1065 adulatio
558 1000 632 1064 fuit.
676 1021 738 1064 nec
762 1010 875 1064 tamen
897 1005 1066 1084 repertum

65 1104 154 1166 nisi
177 1111 214 1166 nt
238 1102 366 1186 effigies
390 1104 596 1188 principum,
632 1124 709 1167 aras
735 1101 848 1183 deum,
882 1100 1009 1186 templa
1033 1108 1065 1164 et

69 1227 186 1270 arcus
203 1204 338 1290 aliaque
355 1204 456 1270 solita
472 1214 659 1288 censerent,
676 1206 742 1269 nisi
763 1203 851 1290 quod
866 1204 910 1268 M.
927 1203 1064 1270 Silanus

72 1332 129 1373 ex
172 1308 375 1373 contumelia
416 1308 612 1374 consulatus
657 1307 818 1373 honorem
855 1307 1063 1394 principibus
1091 1324 1104 1362 ⁵

70 1412 208 1496 petivit
232 1411 385 1498 dixitque
411 1433 470 1498 pro
502 1413 680 1494 sententia,
710 1420 747 1475 ut
777 1410 923 1497 publicis
953 1411 1065 1497 priva·

72 1516 174 1579 tisve
206 1515 422 1579 monimentis
457 1513 502 1579 ad
541 1516 737 1580 memoriam
777 1525 963 1600 temporum
996 1535 1064 1578 non

75 1616 262 1682 consulum
284 1619 419 1682 nomina
441 1617 763 1703 praescriberentur,
788 1617 848 1682 sed
872 1641 985 1683 eorum
1009 1620 1063 1705 qui

75 1720 304 1785 tribuniciam
331 1729 534 1807 potestatem
563 1731 728 1806 gererent.
774 1732 811 1786 at
839 1719 879 1802 Q.
902 1722 1063 1787 Haterius

78 1847 159 1890 cum
198 1826 268 1890 eius
304 1824 371 1890 diei
405 1835 544 1890 senatus
584 1824 740 1890 consulta
780 1826 893 1890 aureis
933 1824 1057 1890 litteris
1088 1841 1113 1880 10

78 1927 222 2012 figenda
246 1929 281 1992 in
304 1929 398 1993 curia
421 1929 625 2011 censuisset,
651 1927 836 1994 deridiculo
865 1928 928 1991 fuit
960 1950 1064 1992 senex

79 2033 301 2098 foedissimae
324 2031 530 2097 adulationis
554 2041 687 2096 tantum
710 2032 850 2096 infamia
872 2054 1004 2096 usurus.

188 2135 240 2200 58.
262 2135 356 2199 Inter
380 2156 465 2220 quae
487 2137 663 2220 provincia
679 2133 796 2200 Africa
819 2135 915 2199 Iunio
938 2134 1062 2198 Blaeso

81 2248 283 2324 prorogata,
313 2236 450 2303 Servius
473 2237 719 2322 Maluginensis
747 2239 869 2304 flamen
891 2237 1002 2303 Dialis
1025 2247 1062 2302 ut

81 2342 204 2408 Asiam
228 2350 316 2407 sorte
338 2340 479 2406 haberet
501 2340 702 2428 postulavit,
731 2342 857 2407 frustra
886 2341 1062 2426 vulgatum

83 2445 247 2510 dictitans
271 2467 338 2509 non
360 2444 465 2509 licere
488 2443 647 2509 Dialibus
671 2444 788 2530 egredi
809 2443 923 2528 Italia,
952 2467 1061 2530 neque

82 2548 179 2613 aliud
209 2550 258 2613 ius
289 2571 383 2613 suum
411 2569 511 2634 quam
538 2547 746 2614 Martialium
770 2547 1059 2634 Quirinaliumque
1086 2569 1098 2608 s

80 2652 269 2716 flaminum:
303 2673 411 2738 porro,
447 2653 475 2716 si
498 2651 534 2715 hi
558 2651 735 2717 duxissent
757 2653 967 2738 provincias,
1001 2673 1062 2715 cur

81 2755 242 2822 Dialibus
259 2756 295 2820 id
309 2756 475 2821 vetitum?
497 2755 592 2820 nulla
616 2756 657 2821 de
680 2778 718 2821 eo
734 2756 848 2843 populi
873 2757 969 2837 scita,
992 2777 1060 2819 non

83 2861 118 2922 iu
142 2858 239 2924 libris
263 2860 543 2924 caerimoniarum
565 2861 714 2945 reperiri.
761 2881 862 2944 saepe
884 2859 1059 2944 pontifices

82 2960 200 3026 Dialia
235 2984 333 3027 sacra
373 2962 511 3045 fecisse,
551 2963 579 3026 si
613 2963 733 3027 flamen
767 2961 963 3027 valetudine
1002 2972 1060 3027 aut

82 3089 219 3131 munere
251 3066 386 3152 publico
417 3066 644 3153 impediretur.
687 3069 832 3154 quinque
863 3077 895 3132 et
926 3075 1059 3151 septus·
1087 3087 1112 3126 ιο

84 3172 179 3254 ginta
214 3171 312 3234 aunis
341 3178 417 3254 post
445 3167 594 3234 Cornelii
616 3169 768 3235 Merulae
791 3170 929 3236 caedem
956 3171 1058 3233 nemi-

83 3296 160 3338 nem
183 3273 366 3354 suffectum,
391 3293 499 3358 neque
522 3283 632 3338 tamen
652 3274 842 3338 cessavisse
865 3273 1057 3356 religiones.

85 3375 172 3461 quod
206 3377 235 3440 si
268 3397 327 3460 per
360 3384 410 3440 tot
444 3397 551 3441 annos
585 3378 693 3461 possit
727 3398 794 3441 non
829 3378 938 3441 creari
966 3374 1057 3440 nullo

86 3500 256 3544 sacrorum
295 3478 416 3543 damno
424 3527 432 3561 ,
472 3487 597 3564 quanto
635 3477 768 3543 facilius
809 3479 979 3544 afuturum
1013 3478 1058 3543 ad

85 3584 180 3649 unius
205 3583 285 3647 anui
309 3581 549 3672 proconsulare
571 3582 768 3668 imperium?
811 3582 954 3670 privatis
979 3580 1058 3647 olim
1084 3601 1110 3642 15

939 3717 988 3772 10*
