2500 4084
210 339 273 404 236
575 339 748 391 oonnnnn
767 337 891 390 rhemi

312 528 363 592 29.
402 529 447 594 At
485 529 610 594 Romae
644 528 749 594 caede
791 530 953 594 continua
987 527 1192 613 Pomponius

209 631 342 715 Labeo,
372 653 470 718 quem
497 633 685 718 praefuisse
707 631 857 698 Moesiae
879 630 1013 715 rettuli,
1040 653 1104 715 per
1129 629 1191 695 ab·

209 745 324 821 ruptas
348 758 453 800 venas
484 737 682 820 sanguinem
712 735 848 819 effudit,
877 732 1115 819 aemulataque
1136 743 1193 798 est

209 841 357 904 coniunx
379 839 527 905 Paxaea.
551 861 629 903 nam
651 849 824 926 promptas
854 838 1041 903 eiusmodi
1066 847 1191 903 mortes

170 959 183 998 ὁ
209 952 318 1008 metus
342 943 512 1008 carnificis
536 941 701 1026 faciebat,
731 952 765 1006 et
794 944 873 1029 quia
898 941 1052 1007 damnati
1082 941 1191 1028 publi-

208 1047 295 1112 catis
319 1045 416 1111 bonis
448 1043 620 1131 sepultura
648 1044 931 1131 prohibebantur,
967 1067 1100 1128 eorum,
1135 1045 1190 1131 qui

210 1149 251 1214 de
275 1171 311 1213 se
335 1148 548 1231 statuebant,
572 1148 800 1214 humabantur
823 1170 981 1234 corpora,
1005 1148 1192 1214 manebant

208 1262 422 1330 testamenta,
445 1254 590 1338 pretium
613 1252 811 1317 festinandi.
841 1252 901 1317 aed
923 1249 1054 1317 Caesar
1076 1252 1190 1316 missis

211 1356 256 1422 ad
281 1365 433 1421 senatum
457 1354 580 1421 litteris
612 1355 772 1422 disseruit
799 1377 924 1421 morem
952 1356 1058 1421 firiase
1087 1355 1191 1419 maio·

160 1475 184 1514 1⁰
210 1459 319 1544 ribus,
355 1461 509 1545 quotiens
540 1459 736 1526 dirimerent
765 1461 950 1543 amicitias,
984 1457 1191 1522 interdicere

211 1563 307 1629 domo
339 1584 479 1649 eumque
506 1563 606 1627 finem
634 1565 766 1647 gratiae
789 1584 930 1649 ponere:
964 1562 1001 1626 id
1033 1584 1069 1626 ee
1097 1584 1191 1648 repe-

209 1668 327 1732 tivisse
351 1669 385 1732 in
408 1666 581 1750 Labeone,
605 1675 706 1753 atque
730 1666 841 1749 illum,
871 1667 950 1752 quia
972 1665 1062 1730 male
1086 1665 1192 1732 admi-

209 1772 375 1837 nistratae
398 1772 595 1856 provinciae
615 1770 832 1857 aliorumque
862 1772 1039 1836 eriminum
1070 1791 1192 1853 argue-

208 1874 319 1958 batur,
343 1873 475 1961 culpam
499 1874 628 1939 invidia
651 1874 830 1957 velavisse,
854 1873 981 1939 frustra
1004 1874 1191 1937 conterrita

157 1993 183 2032 1⁵
209 2000 332 2061 uxore,
356 2001 456 2064 quam
480 1980 544 2042 etsi
566 1988 745 2044 nocentem
768 1977 910 2063 periculi
934 1987 1047 2043 tamen
1072 1999 1190 2061 exper-

210 2092 279 2147 tem
300 2080 414 2146 fuisse.
438 2081 629 2147 Mamercus
654 2081 732 2146 dein
748 2079 898 2147 Scaurus
920 2102 1053 2145 rursum
1077 2089 1191 2166 postu-

210 2184 318 2268 latur,
353 2187 497 2269 insignis
521 2185 702 2252 nobilitate
726 2196 759 2251 et
783 2184 921 2250 orandis
950 2185 1081 2266 causis,
1118 2186 1191 2247 vita

209 2288 401 2375 probrosus.
446 2289 531 2353 nihil
554 2288 643 2354 hunc
673 2290 825 2354 amicitia
850 2285 982 2371 Seiani,
1006 2285 1067 2352 sed
1098 2285 1191 2351 labe-

210 2392 292 2457 fecit
325 2391 417 2457 haud
455 2393 564 2457 minus
599 2391 750 2458 validum
791 2391 835 2457 ad
877 2393 983 2456 exitia
1017 2391 1192 2457 Macronis

158 2509 184 2550 20
212 2495 333 2579 odium,
358 2497 413 2582 qui
438 2495 574 2561 easdem
597 2505 688 2561 artes
713 2494 878 2561 occultius
903 2494 1104 2578 exercebat3
1137 2496 1192 2560 de-

210 2599 400 2685 tuleratque
424 2610 658 2683 argumentum
672 2599 872 2683 tragoediae
896 2621 916 2662 a
933 2597 1061 2664 Scauro
1087 2601 1191 2685 scrip-

210 2710 284 2785 tae,
319 2701 447 2767 additis
470 2702 643 2787 versibus,
677 2703 734 2789 qui
764 2703 798 2766 in
821 2701 994 2767 Tiberium
1015 2701 1192 2767 flecteren-

211 2815 282 2870 tur:
315 2827 432 2870 verum
456 2805 499 2870 ab
525 2804 669 2872 Servilio
693 2815 727 2871 et
749 2803 907 2870 Cornelio
931 2805 1192 2871 accusatoribus

211 2907 414 2974 adulterium
435 2909 575 2993 Liviae,
598 2929 772 2994 magorum
797 2931 896 2975 sacra
920 2907 1191 2974 obiectabantur.

159 3027 183 3067 2⁵
213 3003 375 3096 ScauruS,
410 3023 446 3078 ut
478 3012 616 3098 dignum
646 3012 817 3079 veteribus
847 3011 1019 3094 Aemiliis,
1051 3011 1190 3077 damna-

212 3118 337 3182 tionem
359 3119 495 3200 anteiit,
520 3117 677 3183 hortante
701 3115 820 3181 Sextia
843 3136 964 3198 uxore,
999 3135 1086 3200 quae
1111 3117 1190 3181 inci·

211 3228 397 3285 tomentum
420 3222 538 3286 mortis
564 3231 596 3285 et
619 3221 792 3306 particeps
814 3219 887 3284 fuit.

313 3321 364 3386 30.
388 3322 439 3387 Ac
470 3334 583 3389 tamen
612 3331 845 3404 accusatores,
874 3323 902 3386 si
932 3319 1080 3386 facultas
1107 3322 1189 3387 inci·

214 3423 317 3505 deret,
340 3426 456 3508 poenis
480 3423 734 3506 adliciebantur,
758 3435 796 3489 ut
819 3423 980 3490 Servilius
996 3421 1187 3490 Cornelius-

214 3545 277 3609 que
293 3525 426 3609 perdito
443 3523 571 3592 Scauro
594 3527 724 3609 famosi,
748 3529 827 3612 quia
848 3530 1027 3613 pecuniam
1050 3527 1189 3593 aVario

214 3625 341 3706 Ligure
365 3628 571 3693 omittendae
595 3630 776 3695 delationis
800 3640 974 3716 ceperant,
1004 3632 1038 3696 in
1061 3631 1189 3697 insulas
