2552 4084
231 321 275 397 54
556 332 730 386 oouunnu
750 332 875 384 raom

230 523 370 588 tinuerit
394 523 587 610 spectaculo
607 526 689 610 ipsa,
713 525 809 592 vario
831 524 1030 592 trahebant:
1054 524 1115 589 alii
1140 531 1211 589 tae-

194 643 206 683 5
233 625 289 692 dio
312 635 439 711 coetus,
463 628 601 714 quidam
623 630 766 694 tristitia
795 630 925 714 ingenii
954 638 987 695 et
1010 637 1102 695 metu
1133 649 1212 693 con·

230 731 429 816 parationis,
454 733 532 817 quia
548 730 723 816 Augustus
746 734 885 800 comiter
901 733 1123 800 interfuisset.
1146 753 1214 796 non

231 833 435 900 crediderim
463 835 510 901 ad
534 836 774 904 ostentandam
803 838 982 904 saevitiam
1010 835 1213 901 movendas-

232 957 296 1021 que
322 936 438 1022 populi
467 938 668 1005 offensiones
700 960 898 1006 concessam
927 939 996 1006 filio
1024 939 1213 1018 materiem,

235 1061 436 1127 quamquam
459 1041 494 1106 id
517 1063 648 1127 quoque
673 1043 800 1108 dictum
824 1053 885 1108 est.

335 1143 386 1207 77.
409 1143 454 1210 At
484 1143 610 1211 theatri
633 1145 790 1229 licentia,
824 1148 935 1233 priore
966 1166 1055 1210 anno
1079 1154 1212 1229 coepta,

233 1249 372 1332 gravius
396 1258 468 1314 tum
484 1250 603 1335 erupit,
629 1250 750 1315 occisis
773 1272 841 1316 non
856 1249 956 1316 modo
980 1272 997 1314 e
1018 1247 1131 1334 plebe,
1155 1247 1213 1312 sed

231 1351 396 1417 militibus
430 1360 464 1418 et
494 1354 708 1438 centurione,
741 1353 918 1420 vulnerato
952 1351 1087 1419 tribuno
1116 1373 1212 1438 prae·

232 1457 340 1521 toriae
363 1455 521 1539 cohortis,
547 1455 625 1522 dum
641 1458 765 1543 probra
788 1460 823 1522 in
839 1458 1062 1540 magistratus
1087 1464 1122 1520 et
1147 1454 1212 1519 dis·

193 1587 206 1626 s
233 1561 422 1626 sensionem
444 1559 540 1644 vulgi
562 1562 752 1647 prohibent.
776 1571 889 1626 actum
914 1560 955 1626 de
979 1581 1019 1623 ea
1043 1556 1211 1623 seditione

232 1661 324 1748 apud
352 1671 466 1749 patres
502 1663 770 1751 dicebanturque
804 1664 1008 1745 sententiae,
1044 1671 1082 1726 ut
1117 1684 1210 1748 prae·

232 1764 362 1832 toribus
395 1766 448 1832 ius
482 1768 656 1852 virgarum
691 1770 724 1832 in
758 1767 940 1832 histriones
975 1773 1074 1830 esset.
1109 1767 1209 1830 inter·

231 1870 334 1934 cessit
368 1869 530 1936 Haterius
553 1871 706 1958 Agrippa
738 1870 893 1936 tribunus
921 1868 1034 1956 plebei
1068 1868 1209 1955 increpi-

232 1980 352 2058 tusque
383 1983 434 2039 est
456 1972 569 2040 Asinii
593 1973 684 2039 Galli
714 1974 881 2054 oratione,
917 1972 1038 2038 silente
1060 1971 1207 2054 Tiberio,

180 2106 205 2145 ro
231 2077 288 2162 qui
305 2098 344 2142 ea
358 2076 538 2143 simulacra
554 2077 724 2143 libertatis
741 2078 875 2142 senatui
888 2074 1084 2162 praebebat.
1101 2074 1206 2140 valuit

230 2188 345 2244 tamen
368 2180 584 2263 intercessi0,
615 2181 694 2265 quia
723 2178 822 2245 divus
845 2178 1022 2263 Augustus
1045 2178 1207 2244 immunes

231 2282 410 2348 verberum
433 2280 614 2349 histriones
644 2283 814 2369 quondam
837 2283 1075 2369 responderat,
1102 2303 1207 2367 neque

230 2389 283 2454 ias
306 2386 443 2452 Tiberio
467 2387 652 2472 infringere
676 2387 768 2453 dicta
792 2388 874 2454 eius.
900 2387 941 2452 de
963 2385 1062 2451 modo
1085 2385 1206 2450 lucaris
1256 2373 1257 2390 ³

232 2502 265 2557 et
289 2489 453 2556 adversus
483 2489 664 2557 lasciviam
691 2491 861 2556 fautorum
890 2488 997 2556 multa
1027 2488 1205 2557 decernun-

181 2623 205 2663 15
233 2606 304 2678 tur3
333 2616 378 2659 ex
400 2594 473 2680 quis
504 2595 651 2659 maxime
679 2594 846 2678 insignia,
875 2617 918 2658 ne
949 2594 1065 2659 domos
1094 2601 1204 2679 panto·

230 2701 407 2765 mimorum
423 2706 561 2764 senator
575 2698 739 2782 introiret,
764 2721 806 2764 ne
822 2698 1035 2783 egredientes
1052 2697 1088 2762 in
1103 2694 1203 2782 publi-

231 2825 308 2869 cum
331 2802 460 2887 equites
482 2800 625 2866 Romani
656 2802 832 2886 cingerent
856 2812 915 2867 aut
937 2800 1023 2868 alibi
1052 2821 1152 2886 quam
1173 2800 1202 2862 in
1254 2835 1255 2844 κ

229 2891 378 2972 theatro
388 2913 632 2990 spectarentur,
657 2915 689 2970 et
714 2907 941 2991 spectantium
957 2901 1198 2970 immodestiam

231 3008 351 3075 exsilio
375 3006 543 3074 multandi
565 3018 718 3094 potestas
740 3008 954 3094 praetoribus
976 3008 1084 3073 fieret.

334 3110 385 3176 78.
422 3111 596 3198 Templum
641 3122 680 3178 ut
717 3114 752 3178 in
790 3113 923 3178 colonia
959 3110 1201 3177 Tarraconensi

232 3223 419 3283 strueretur
434 3215 589 3299 Augusto
611 3215 805 3302 petentibus
821 3215 984 3300 Hispanis
1000 3215 1200 3301 permissum,

233 3319 414 3404 datumque
436 3319 472 3383 in
496 3340 610 3384 omnes
625 3321 818 3405 provincias
842 3317 1041 3405 exemplum.
1065 3319 1199 3386 centesi-

232 3444 320 3487 mam
343 3443 455 3487 rerum
470 3419 642 3487 venalium
663 3432 740 3507 post
761 3419 853 3486 bella
876 3421 993 3486 civilia
1014 3423 1198 3489 institutam
1251 3497 1252 3500 Ἴ

194 3553 207 3593 s
234 3524 437 3610 deprecante
459 3521 581 3610 populo
611 3522 719 3589 edixit
742 3521 899 3589 Tiberius
931 3524 1080 3592 militare
1115 3550 1199 3592 aera-

234 3628 321 3691 rium
350 3647 388 3690 eo
413 3625 564 3692 subsidio
586 3628 667 3709 niti3
695 3625 794 3691 simul
822 3627 985 3712 imparem
1013 3630 1110 3696 oneri
1135 3650 1196 3694 rem
