2552 4084
275 292 321 342 AB
340 291 502 346 EXCESSU
520 293 678 346 AUGUSTI
697 297 732 346 ll.
751 295 860 350 30-33.
1008 294 1049 360 75

67 491 104 548 et
119 481 244 550 ¹Grallus
259 482 398 551 Asinius
423 495 456 552 et
470 486 594 572 Papius
617 486 756 553 Mutilus
774 497 807 554 et
822 487 862 554 L.
880 486 1048 573 Apronius
1076 504 1102 544 1⁰

67 586 270 672 decrever03
293 611 434 675 quorum
449 591 672 656 auctoritates
690 589 968 677 adulationesque
984 601 1050 659 ret·

67 689 144 773 tuli,
159 700 199 757 ut
216 693 359 759 sciretur
373 702 469 759 vetus
486 692 522 759 id
537 695 572 759 in
587 717 623 760 re
638 693 776 780 publice
798 693 933 765 malum.
956 697 1049 762 facta

67 804 104 857 et
130 793 173 858 de
200 795 449 862 mathematicis
477 799 651 884 magisque
674 796 777 863 Italia
805 798 970 883 pellendis
1000 823 1049 866 se-

66 907 173 964 natus
200 898 373 984 consulta;
418 923 557 988 quorum
586 924 604 966 e
633 921 770 968 numero
804 901 845 967 L.
872 903 1049 968 Pituanius

67 1023 156 1066 saxo
187 1001 337 1070 deiectus
361 1013 428 1087 est,
458 1005 493 1069 in
515 1005 551 1070 P.
574 1003 740 1070 Marcium
767 1004 923 1071 consules
952 1014 1050 1072 extra
1078 1020 1103 1061 ¹⁵

66 1116 204 1191 portam
226 1107 448 1194 Esquilinam,
472 1130 546 1174 cum
572 1107 755 1176 classicum
782 1131 905 1177 canere
935 1111 1049 1177 iussis·

67 1219 159 1293 sent,
182 1232 274 1276 more
296 1213 408 1297 prisco
433 1211 622 1278 advertere.

178 1311 230 1378 33.
253 1315 411 1380 Proximo
435 1323 573 1381 senatus
598 1314 653 1380 die
676 1314 784 1381 multa
807 1316 842 1381 in
865 1314 983 1382 luxum
1004 1318 1050 1382 ci-

66 1417 189 1480 vitatis
215 1414 306 1480 dieta
329 1439 350 1482 a
367 1415 406 1498 Q.
423 1416 563 1482 Haterio
586 1416 767 1501 consulari,
785 1415 930 1484 Octavio
942 1418 1050 1486 Fron·

67 1528 151 1584 tone
172 1530 334 1605 praetura
355 1520 489 1604 functo,
517 1520 756 1608 decretumque
785 1543 828 1586 ne
851 1542 937 1589 vasa
966 1545 1049 1589 auro

67 1621 183 1687 solida
207 1623 442 1690 ministrandis
465 1621 551 1691 cibis
574 1625 710 1708 fierent,
737 1647 781 1690 ne
803 1627 909 1692 vestis
940 1628 1050 1692 serica

66 1727 161 1790 viros
184 1725 346 1792 foedaret.
383 1729 530 1794 excessit
552 1726 681 1794 Fronto
710 1749 752 1794 ac
774 1727 960 1814 postulavit
982 1751 1049 1796 mo·
1077 1743 1089 1784 ⁶

68 1828 151 1894 dum
173 1839 332 1913 argento,
367 1830 587 1917 supellectili,
620 1830 786 1898 familiae:
822 1841 895 1899 eret
928 1834 1050 1920 quippe

67 1933 182 2000 adhuc
205 1934 361 2021 frequens
385 1935 615 2020 senatoribus,
646 1935 779 2023 siquid
808 1959 825 2001 e
854 1935 1050 2022 republica

65 2036 257 2122 crederent,
279 2037 355 2106 loco
380 2041 570 2106 sententiae
593 2061 755 2126 promere.
786 2048 905 2106 contra
929 2037 1048 2106 Gallus

66 2138 210 2206 Asinius
236 2141 416 2209 disseruit:
440 2153 544 2210 auctu
566 2144 699 2229 imperii
729 2142 922 2208 adolevisse
946 2143 1049 2208 etiam

65 2244 223 2329 privatas
248 2267 337 2331 opes,
361 2245 462 2332 idque
486 2267 553 2312 non
575 2267 709 2328 novum,
734 2245 795 2313 sad
818 2269 837 2312 e
858 2246 1049 2314 vetustissi·
1077 2262 1102 2301 1⁰

68 2348 135 2412 mis
157 2347 324 2414 moribus:
358 2348 462 2416 aliam
490 2349 580 2436 apud
602 2348 799 2434 Fabricios,
829 2348 933 2415 aliam
960 2348 1051 2435 apud

68 2448 246 2536 Scipiones
268 2455 464 2537 pecuniam3
495 2463 528 2518 et
551 2463 675 2518 cuncta
709 2451 754 2519 ad
782 2475 853 2518 rem
880 2450 1051 2538 publicam

67 2553 205 2637 referri,
236 2577 302 2641 qua
331 2557 424 2622 tenui
453 2565 617 2640 angustas
646 2557 772 2621 civium
800 2555 930 2637 domos,
959 2563 1050 2640 post-

70 2677 171 2742 quam
194 2677 233 2720 eo
256 2658 532 2742 magnificentiae
553 2658 695 2742 venerit,
720 2657 864 2742 gliscere
887 2656 1050 2740 singulos.

67 2780 178 2846 neque
189 2761 225 2825 in
240 2757 370 2826 familia
383 2772 417 2828 et
432 2773 574 2846 argento
591 2783 743 2849 quaeque
759 2761 804 2826 ad
819 2783 916 2826 usum
930 2783 1050 2847 paren·
1078 2779 1103 2818 15

70 2870 126 2927 tur
148 2863 288 2929 nimium
312 2863 442 2951 aliquid
470 2873 530 2930 aut
552 2864 720 2930 modicum
747 2866 814 2930 nisi
843 2887 886 2930 ex
915 2865 1050 2931 fortuna

68 2965 286 3052 possidentis.
318 2967 497 3034 distinctos
522 2977 659 3034 senatus
692 2977 725 3032 et
749 2970 897 3054 equitum
919 2990 1050 3051 census,

71 3089 138 3133 non
163 3071 242 3155 quia
267 3069 393 3137 diversi
416 3080 551 3156 natura,
576 3070 636 3137 sed
658 3080 706 3155 ut,
731 3072 788 3156 qui
810 3069 895 3136 loeis
925 3071 1050 3139 ordini·

70 3171 131 3238 bus
169 3172 443 3258 dignationibus,
483 3177 651 3240 antistent
684 3183 717 3240 et
751 3173 845 3259 aliis,
886 3196 972 3261 quae
1005 3174 1050 3240 ad

71 3278 221 3365 requiem
253 3280 356 3344 animi
385 3288 444 3344 aut
468 3278 705 3345 salubritatem
732 3300 909 3364 corporum
930 3299 1049 3365 paren·
1077 3296 1103 3336 20

70 3389 133 3465 tur,
150 3381 217 3445 nisi
232 3380 319 3448 forte
331 3382 519 3448 clarissimo
536 3384 655 3468 cuique
666 3380 780 3469 plures
797 3403 907 3464 curas,
920 3383 1049 3448 maiora

70 3483 222 3572 pericula
245 3486 432 3569 subeunda,
456 3485 693 3553 delenimentis
716 3507 872 3552 curarum
900 3493 934 3550 et
961 3487 1049 3572 peri·

72 3588 223 3655 culorum
246 3585 432 3658 carendum
461 3613 546 3657 esse.
584 3588 720 3656 facilem
742 3589 924 3654 adsensum
948 3585 1049 3653 Gallo
