2552 4084
284 300 331 350 AB
351 299 515 356 EXOESSU
532 299 691 352 AUGUSTI
709 299 745 350 11.
763 301 873 355 38-41.
952 359 954 363 v
1024 301 1063 368 81

75 515 151 561 non
175 492 290 558 omnia
319 492 499 559 metuenda
522 491 701 577 ambiguus
721 492 859 579 pudoris
889 513 929 558 ac
957 465 1112 586 metus]

76 596 280 684 reputabat.
303 607 471 684 postremo
489 595 547 662 dat
567 597 742 680 negotium
756 594 919 662 Sallustio
935 593 1065 682 Crispo.

76 700 142 767 ille
168 724 188 766 e
217 699 398 766 clientibus
430 699 512 766 duos
538 699 688 786 (quidam
711 700 836 766 milites
865 699 970 766 fuisse
997 708 1066 766 tra·
1093 717 1119 758 1⁰

80 804 186 885 dunt)
211 803 330 888 deligit
353 813 455 890 atque
477 803 646 888 hortatur,
671 803 830 870 simulata
858 804 1067 869 conscientia

80 909 233 992 adeant,
269 907 409 974 offerant
432 909 627 994 pecuniam,
656 907 758 974 fidem
786 916 889 992 atque
916 905 1066 993 pericula

81 1011 326 1098 polliceantur.
371 1019 602 1096 exsequuntur
629 1018 666 1099 ut
695 1011 824 1076 iussum
859 1020 942 1076 erat.
989 1010 1067 1077 dein

83 1113 257 1200 speculati
295 1123 429 1180 noctem
468 1112 726 1197 incustoditam,
765 1122 907 1199 accepta
944 1113 1067 1181 idonea

82 1237 208 1300 manu,
238 1218 390 1284 vinctum
425 1216 542 1283 clauso
571 1239 628 1282 ore
651 1219 691 1294 ,in
720 1216 891 1283 Palatium
918 1226 1065 1285 traxere.
1094 1233 1120 1288 1,⁵

82 1322 303 1408 percontanti
317 1320 464 1406 Tiberio,
480 1342 544 1407 quo
560 1321 659 1386 modo
672 1319 824 1407 Agrippa
840 1320 950 1386 factus
967 1330 1067 1406 esset,

84 1424 305 1512 respondisse
320 1424 425 1490 fertur
443 1421 522 1512 ‘quo
545 1425 644 1491 modo
668 1436 705 1490 tu
721 1421 867 1490 Caesar?
892 1435 930 1490 ut
952 1424 1068 1491 ederet

84 1530 199 1594 socios
217 1526 328 1612 subigi
350 1550 417 1593 non
431 1529 551 1613 potuit.
574 1551 636 1594 nec
653 1527 807 1594 Tiberius
829 1549 972 1614 poenam
995 1531 1067 1596 eius

84 1631 203 1718 palam
218 1653 330 1714 ausus,
355 1631 390 1696 in
408 1641 539 1696 secreta
554 1630 680 1698 Palatii
695 1642 792 1718 parte
808 1632 953 1696 interfici
968 1632 1067 1698 iussit

86 1756 276 1821 corpusque
293 1734 381 1801 olam
396 1735 531 1801 auferri.
556 1745 588 1802 et
605 1758 807 1823 quamquam
821 1735 953 1802 multia
970 1735 1066 1802 domo
1094 1751 1120 1792 ²⁰

85 1840 251 1927 principis
276 1841 471 1926 equitesque
499 1862 540 1906 ac
564 1848 739 1906 senatores
763 1849 975 1906 sustentasse
998 1842 1067 1928 opi-

85 1944 163 2029 bus,
186 1945 312 2009 iuvisse
335 1943 487 2010 consiliis
513 1943 721 2030 dicerentur,
750 1944 844 2011 haud
866 1944 1067 2033 quaesitum.

191 2045 242 2111 41.
258 2046 345 2114 Fine
364 2049 444 2114 anni
461 2069 560 2112 arcus
576 2058 714 2134 propter
731 2047 849 2114 aedem
867 2045 1007 2114 Saturni
1023 2047 1067 2114 ob

86 2161 227 2236 recepta
249 2152 348 2234 signa
370 2172 447 2216 cum
468 2150 561 2228 Varo
584 2152 711 2216 amissa
735 2151 839 2216 ductu
863 2148 1068 2236 Germanici,

87 2255 250 2341 auspiciis
267 2253 406 2338 Tiberii,
430 2264 463 2320 et
480 2254 583 2320 aedes
597 2254 713 2320 Fortis
729 2255 903 2321 Fortunae
919 2254 1069 2322 Tiberim
1098 2303 1118 2320 „

86 2360 187 2424 iuxta
210 2359 245 2423 in
267 2356 392 2442 hortis,
420 2380 503 2445 quos
527 2356 655 2424 Caesar
686 2358 833 2425 dictator
859 2357 981 2446 populo
1003 2359 1069 2425 Ro·

85 2483 188 2527 mano
211 2461 397 2546 legaverat,
422 2463 610 2528 sacrarium
634 2465 728 2548 genti
743 2461 851 2528 Iuliae
874 2461 1069 2549 effigiesque
1095 2478 1108 2520 ⁵

87 2565 168 2632 divo
191 2564 345 2651 Augusto
369 2565 460 2652 apud
483 2565 634 2633 Bovillas
659 2566 826 2633 dicantur.

193 2667 231 2734 O.
248 2667 363 2734 Caelio
378 2669 420 2736 L.
435 2670 617 2756 Pomponio
634 2668 830 2737 oonsulibus
846 2667 1068 2738 Germanicus

87 2770 218 2840 Caesar
241 2795 272 2839 a.
298 2773 329 2839 d.
345 2773 422 2840 VII.
444 2773 523 2840 Kal.
546 2775 663 2841 Iunias
683 2773 903 2862 triumphavit
927 2774 968 2840 de
984 2773 1068 2842 Obe-

86 2879 199 2944 ruscis
235 2876 436 2964 Chattisque
470 2888 503 2944 et
537 2877 753 2964 Angrivariis
789 2900 940 2967 quaeque
979 2878 1069 2945 aliae

86 2984 245 3048 nationes
279 3004 384 3069 usque
419 2981 464 3047 ad
498 2980 614 3049 Albim
647 2982 773 3049 colunt.
817 2993 917 3049 vecta
949 2983 1068 3070 spolia,
1095 2999 1121 3040 1⁰

88 3087 230 3172 captivi,
254 3085 436 3151 simulacra
452 3087 625 3171 montium,
646 3086 828 3170 fluminum,
849 3086 1068 3172 proeliorum,

86 3186 288 3275 bellumque,
312 3189 391 3274 quia
414 3189 579 3255 conficere
594 3188 784 3276 prohibitus
801 3200 883 3274 erut,
906 3212 966 3277 pro
990 3212 1068 3256 con·

87 3291 178 3358 fecto
191 3291 434 3378 accipiebatur.
451 3292 599 3378 augebat
615 3295 818 3360 intuentium
832 3294 926 3360 visus
944 3294 1069 3360 eximia

87 3395 194 3481 ipsius
225 3396 355 3481 species
384 3418 568 3484 currusque
598 3399 744 3484 quinque
771 3397 888 3465 liberis
918 3407 1068 3465 onustus.

88 3498 149 3564 sed
187 3497 325 3565 suberat
355 3499 489 3566 occulta
517 3500 677 3586 formido,
711 3500 947 3589 reputantibus
975 3501 1069 3570 haud
1096 3517 1121 3559 1⁶

89 3623 284 3690 prosperum
324 3605 359 3670 in
393 3603 507 3671 Druso
539 3613 637 3693 putre
675 3607 746 3673 eius
780 3606 930 3673 favorem
962 3605 1068 3694 vulgi,
1164 3621 1169 3632 “

137 3753 261 3798 sauros.
276 3753 296 3800 1.
731 3805 734 3811 ,
1001 3745 1018 3796 e
