2530 4084
220 311 281 376 142
549 312 723 363 conunnu
741 312 863 363 mc1r1

218 513 295 587 tem,
319 505 349 569 si
364 503 437 590 quis
453 511 584 590 sumpta
607 513 715 569 morte
729 501 996 569 misericordiam
1011 505 1081 568 eius
1095 524 1205 588 prae-

216 608 376 674 venisset.
421 607 492 672 vita
516 604 658 672 Clutorii
690 609 724 672 in
746 608 881 690 integro
905 615 973 690 est,
1006 607 1063 693 qui
1084 629 1205 692 neque

166 729 191 768 1⁵
218 720 372 777 servatus
404 712 439 775 in
467 710 653 797 periculum
681 713 730 776 rei
764 709 922 797 publicae
956 733 1064 797 neque
1090 712 1205 775 inter-

216 815 325 879 fectus
349 816 383 878 in
407 813 594 900 exemplum
617 812 691 880 ibit.
721 814 835 879 studia
858 813 923 898 illi,
955 823 991 879 ut
1014 814 1114 900 plens
1142 835 1204 878 ve-

217 916 370 999 cordiae,
400 917 449 981 ita
479 917 595 980 inania
619 926 651 981 et
674 916 765 981 fluxa
790 926 885 1001 sunt,
929 919 1205 1005 necquicquam

217 1041 322 1104 grave
352 1042 393 1086 ac
421 1021 546 1085 serium
573 1041 616 1084 ex
640 1042 678 1085 eo
707 1030 855 1104 metuas,
885 1023 942 1107 qui
966 1043 1101 1086 suorum
1122 1024 1203 1107 ipse

215 1122 420 1207 flagitiorum
442 1122 594 1210 proditor
616 1144 684 1188 non
707 1125 854 1189 virorum
877 1126 1015 1206 animis,
1040 1124 1102 1189 sed
1122 1146 1201 1188 mu-

164 1247 191 1289 so
216 1225 432 1292 liercularum
465 1225 607 1313 adrepit.
653 1226 754 1292 cedat
784 1237 897 1293 tamen
926 1227 1009 1293 urbe
1037 1238 1073 1293 et
1094 1228 1199 1294 bonis

216 1333 349 1397 amissis
373 1351 461 1418 aqua
491 1338 523 1394 et
547 1331 619 1414 igni
641 1340 814 1396 arceatur:
843 1331 933 1418 quod
953 1330 1095 1417 perinde
1117 1354 1200 1398 cen-

216 1456 272 1501 seo
294 1457 335 1501 ac
360 1436 387 1500 si
411 1434 485 1519 lege
507 1436 698 1500 maiestatis
722 1434 912 1500 teneretur!

317 1537 369 1603 51.
394 1537 492 1604 Solus
521 1538 652 1626 Lepido
681 1538 855 1604 Rubellius
884 1538 1038 1605 Blandus
1068 1563 1087 1605 e
1116 1563 1199 1605 con-

216 1642 382 1708 sularibus
407 1642 575 1708 adsensit:
598 1645 703 1709 ceteri
727 1644 929 1709 sententiam
951 1643 1127 1731 Agrippae
1144 1667 1197 1709 se-

215 1747 295 1829 cuti,
320 1745 506 1833 ductusque
528 1747 564 1810 in
587 1767 759 1812 carcerem
774 1747 910 1812 Priscus
934 1769 974 1812 ac
999 1749 1118 1814 statim
1136 1771 1197 1813 ex-

214 1850 393 1914 animatus.
417 1848 452 1914 id
474 1848 629 1930 Tiberius
653 1848 763 1915 solitis
788 1850 853 1915 sibi
875 1850 1078 1935 ambagibus
1103 1851 1196 1938 apud
1256 1923 1257 1926 Ἴ

174 1984 186 2026 s
216 1961 368 2019 senatum
391 1954 569 2036 incusavit,
594 1977 670 2019 cum
692 1953 869 2019 extolleret
891 1956 1055 2041 pietatem
1078 1977 1197 2042 quam-

214 2060 266 2123 vis
282 2057 433 2123 modicas
449 2059 612 2144 principis
636 2058 777 2123 iniurias
794 2058 920 2123 acriter
941 2058 1194 2142 ulciscentium,

216 2161 455 2248 deprecaretur
495 2172 564 2227 tam
602 2163 800 2248 praecipitis
840 2161 1018 2227 verborum
1051 2184 1195 2248 poenas,
1255 2201 1256 2285 ᾖ

213 2264 369 2330 laudaret
392 2263 558 2352 Lepidum
580 2287 688 2351 neque
710 2264 898 2350 Agrippam
920 2275 1090 2348 argueret.
1130 2269 1193 2351 igi-

213 2379 267 2435 tur
288 2369 415 2434 factum
440 2379 576 2435 senatus
600 2369 804 2452 consultum,
829 2391 871 2434 ne
895 2369 1032 2434 decreta
1055 2379 1193 2454 patrum

163 2507 187 2546 10
214 2471 398 2538 antediem
422 2472 586 2539 decimum
608 2473 653 2538 ad
677 2475 845 2538 aerarium
862 2471 1074 2537 deferrentur
1090 2473 1193 2561 idque

212 2577 304 2641 vitae
329 2576 474 2662 spatium
499 2575 667 2641 damnatis
690 2588 939 2662 prorogaretur.
965 2576 1119 2642 sednon
1143 2601 1193 2644 se·

212 2679 307 2744 natui
319 2678 461 2744 libertas
484 2678 530 2745 ad
544 2678 784 2766 paenitendum
800 2689 884 2764 erat,
906 2702 1014 2766 neque
1029 2679 1190 2747 Tiberius
1253 2711 1254 2722 ¹

213 2783 391 2848 interiectu
414 2784 572 2870 temporis
595 2783 827 2868 mitigabatur.

314 2885 366 2948 52.
390 2883 426 2950 O.
444 2883 613 2972 Sulpicius
629 2885 672 2952 D.
688 2886 849 2952 Haterius
873 2886 1028 2953 consules
1046 2913 1191 2978 sequun-

211 2999 275 3074 tur,
292 2989 483 3056 inturbidus
500 2992 649 3056 externis
665 2991 766 3056 rebus
785 3015 903 3075 annus,
922 2991 1010 3058 domi
1027 3007 1189 3082 suspecta

213 3096 393 3160 severitate
416 3093 595 3160 adversum
623 3093 755 3179 luxum,
785 3097 842 3181 qui
865 3097 1052 3161 inmensum
1073 3119 1191 3184 proru-

211 3207 307 3285 perat
331 3197 377 3262 ad
398 3207 532 3282 cuncta,
556 3199 628 3284 quis
652 3200 796 3284 pecunia
811 3198 1010 3285 prodigitur.
1034 3201 1097 3265 sed
1123 3203 1188 3269 alia

172 3334 184 3376 ὅ
212 3310 411 3388 sumptuum,
434 3303 587 3387 quamvis
611 3304 779 3385 graviora,
805 3302 1027 3370 dissimulatis
1043 3304 1187 3390 plerum-

211 3426 275 3489 que
296 3405 415 3489 pretiis
440 3403 715 3488 occultabantur3
752 3408 881 3472 ventris
912 3415 944 3472 et
974 3427 1109 3491 ganeae
1130 3433 1186 3497 pa·

210 3513 304 3569 ratus
329 3504 482 3570 adsiduis
507 3507 714 3572 sermonibus
731 3506 864 3592 vulgati
886 3509 1038 3576 fecerant
1062 3532 1185 3598 curam,

212 3628 254 3673 ne
282 3608 436 3694 princeps
471 3611 629 3698 antiquae
657 3612 884 3697 parsimoniae
919 3613 1033 3679 durius
1065 3616 1185 3684 adver-
