2534 4084
452 295 673 348 rnooamun
967 297 1053 364 Xffl

66 514 184 570 utrum
220 505 265 569 sit
297 505 526 590 praestantior
561 527 617 568 ars
652 505 801 570 oratoria
834 526 878 569 an
916 506 1051 589 poetica

68 607 241 694 simulque
264 629 387 673 causae
411 607 611 690 afferuntur,
643 607 828 693 dequibus
859 605 1051 694 eloquentia

65 712 298 777 Romanorum
322 711 383 776 sub
407 711 665 798 imperatoribus
696 709 829 797 dilapsa
860 718 912 776 est
941 712 1050 795 magis

67 817 260 901 magisque.
291 817 349 902 qui
377 815 463 880 liber
491 837 511 880 a
538 813 653 881 multis
682 815 811 879 criticis
840 814 1051 896 Quintiliano

66 919 200 984 rhetori
216 920 421 1002 assignatur,
446 918 535 1004 quod
551 919 695 1004 scriptor
717 919 752 983 in
776 940 814 982 eo
829 940 965 1004 prorsus
983 919 1050 985 alio

67 1022 209 1088 dicendi
233 1043 356 1106 genere
378 1025 485 1088 utitur
508 1045 548 1087 ac
566 1022 706 1088 Tacitus
729 1022 764 1086 in
788 1022 927 1108 reliquis
943 1023 1050 1108 libris,

67 1127 195 1213 quibus
218 1149 272 1191 res
297 1137 411 1211 gestas
437 1125 608 1191 describit.
632 1148 711 1191 nam
736 1125 892 1210 dialogus
915 1124 1048 1194 Cicero-

66 1232 121 1295 nis
146 1231 361 1316 potissimum
383 1228 497 1294 stilum
521 1228 669 1294 exhibet.

174 1332 298 1398 Amore
333 1343 366 1398 et
396 1332 620 1399 admiratione
641 1331 825 1417 Agricolae
850 1336 959 1400 soceri
982 1335 1050 1421 ple-

68 1460 134 1503 nus
157 1438 266 1502 vitam
289 1439 360 1502 eius
390 1439 582 1523 posteritati
611 1439 766 1503 namavit
798 1437 1050 1525 exemplumque

69 1541 216 1626 insignis
234 1541 475 1607 moderationis
499 1540 545 1606 ad
568 1543 791 1607 imitationem
808 1543 954 1607 omnium
975 1565 1049 1630 pro-

68 1646 200 1731 posuit,
224 1643 284 1709 sed
306 1646 469 1730 pietatem
491 1643 660 1730 professus
683 1666 849 1730 nusquam
870 1647 1050 1712 veritatem

68 1748 189 1814 laedit.
212 1748 266 1814 hic
290 1747 377 1813 liber
399 1747 594 1814 inscribitur
617 1747 654 1811 de
669 1748 736 1811 olto
757 1751 785 1812 et
807 1749 947 1813 moribus
964 1750 1050 1816 Jattt

69 1849 254 1934 Aqrioolae.

174 1956 349 2022 Proximus
372 1954 522 2038 libellus,
557 1957 613 2042 qui
636 1955 833 2022 inscribitur
855 1955 893 2019 de
915 1955 1047 2039 eripias,

66 2060 142 2144 sita,
158 2060 297 2124 osoribus
312 2079 350 2122 oo
360 2058 492 2141 populis
507 2058 742 2124 Germanorum
760 2069 793 2124 et
811 2059 913 2144 vulgo
935 2059 1045 2125 brevi-

67 2176 119 2230 ter
138 2161 318 2228 Germania
340 2164 474 2247 dicitur,
498 2164 626 2230 fructus
644 2174 695 2228 est
711 2163 907 2247 studiorum,
925 2165 1046 2252 quibus

69 2267 209 2332 Tacitus
235 2266 416 2351 diligenter
438 2268 615 2332 materiam
629 2265 855 2353 praeparabat
878 2267 923 2332 ad
945 2269 1048 2334 bisto-

70 2373 139 2436 rias
175 2369 385 2436 scribendas.
424 2392 521 2456 quem
554 2369 705 2436 libellum
738 2369 813 2435 ideo
849 2371 1049 2455 singillatim

70 2476 256 2559 composuit
281 2473 453 2559 ediditque
489 2475 686 2560 separatim,
721 2474 810 2560 quod
837 2475 981 2560 putabat
1013 2499 1048 2541 se

69 2579 233 2642 veriorem
256 2599 297 2642 ac
320 2576 504 2663 pleniorem
520 2575 723 2643 Germaniae
746 2579 902 2644 notitiam
924 2603 1048 2666 aequa-

69 2682 156 2747 libus
180 2681 316 2746 tradere
331 2703 440 2768 posse,
464 2704 564 2768 quam
579 2703 665 2767 quae
688 2690 759 2747 tum
783 2683 871 2747 inter
894 2704 950 2748 eos
973 2684 1045 2749 vul-

70 2795 151 2870 gata
168 2794 251 2849 erat.
277 2784 374 2850 simul
390 2786 533 2851 materia
556 2786 630 2871 ipsa
648 2784 849 2869 dignissima
865 2787 938 2870 tiit,
963 2809 1048 2872 quac

71 2898 277 2954 tractaretur
312 2890 492 2975 copiosius.
537 2910 617 2953 nam
644 2887 739 2953 nulla
768 2887 837 2955 alia
866 2910 949 2973 gens
978 2900 1049 2956 tam

70 3003 150 3078 apta
172 2991 237 3056 fuit
260 2991 305 3056 ad
330 2992 459 3057 animos
489 2992 673 3076 legentium
695 2992 879 3061 movendos
902 2996 1048 3060 retinen-

73 3096 200 3182 dosque
235 3117 334 3180 quam
363 3092 524 3160 Germani
558 3119 578 3160 a
607 3096 768 3162 Romanis
803 3099 927 3163 totiens
957 3097 1046 3164 bello

69 3200 165 3285 petiti
189 3220 297 3284 neque
319 3221 475 3286 umquam
500 3199 637 3266 devicti.

171 3301 248 3366 Duo
271 3304 399 3368 maiora
424 3324 524 3390 opera
547 3307 655 3370 nostri
671 3304 825 3371 historici
849 3315 927 3371 sunt
949 3304 1045 3370 bisto-

69 3406 196 3469 riarum
218 3404 297 3470 libri
322 3405 593 3492 quattuordecim
622 3417 656 3473 et
688 3407 835 3473 sedecim
859 3407 898 3472 ab
920 3428 1047 3474 excessa

71 3508 136 3573 divi
168 3507 320 3592 Augusti,
352 3532 434 3597 quos
469 3511 571 3596 vulgo
606 3509 742 3575 uocales
775 3522 909 3579 vocant.
953 3516 1046 3600 prius

70 3611 220 3676 historias
242 3635 330 3680 anno
354 3611 424 3680 CV.
448 3615 554 3681 edidit
579 3616 764 3700 imperante
786 3615 944 3684 Traiano.
975 3620 1044 3704 qui·
