2500 4084
277 256 322 305 AB
342 255 503 307 EXCESSU
521 255 679 307 AUGUSTI
696 255 742 304 VI.
760 254 872 306 48-50.
992 253 1055 319 251
1113 250 1115 256 ¹

78 449 210 532 fugium
232 469 298 512 non
320 447 388 511 nisi
410 454 516 512 morte
547 447 723 511 inveniret.
769 447 873 529 igitur
896 454 1058 512 accusata

81 553 118 616 in
141 560 278 632 senatu,
307 571 509 636 quamquam
532 569 643 634 genua
666 556 799 635 patrum
822 549 1059 614 advolveretur

79 655 281 738 luctumque
307 675 517 719 communem
551 662 584 718 et
618 653 728 736 magis
764 651 958 719 inbecillum
996 651 1057 718 tali
1152 701 1154 706 ,

81 780 181 843 super
204 778 287 822 casu
309 756 509 821 feminarum
532 757 678 821 animum
701 754 836 841 aliaque
859 757 894 820 in
918 755 1058 821 eundem

81 859 233 925 dolorem
266 869 397 924 maesta
436 870 469 924 et
501 859 696 924 miseranda
734 857 791 922 diu
825 859 943 944 ferret,
976 858 1058 923 urbe
1087 890 1112 928 m

82 974 197 1029 tamen
220 965 254 1027 in
279 961 396 1028 decem
419 984 524 1027 annos
541 961 711 1048 prohibita
735 972 796 1045 est,
823 963 928 1028 donec
951 964 1061 1028 minor

79 1065 170 1131 filius
195 1064 361 1131 lubricum
384 1068 543 1130 iuventae
566 1067 685 1130 exiret.

186 1165 237 1232 50.
261 1169 334 1234 Iam
349 1169 522 1234 Tiberium
545 1191 675 1255 corpus,
698 1171 766 1235 iam
789 1171 889 1253 vires,
913 1169 1061 1234 nondum

83 1272 308 1337 dissimulatio
333 1271 528 1338 deserebat:
553 1274 640 1339 idem
656 1274 761 1338 animi
777 1274 885 1356 rigor3
909 1295 1060 1337 sermone

82 1399 124 1442 ac
139 1376 235 1442 vultu
251 1378 400 1441 intentus
417 1379 570 1462 quaesita
586 1377 756 1442 interdum
772 1379 930 1443 comitate
948 1397 1059 1462 quam-

82 1481 136 1546 vis
165 1480 380 1545 manifestam
410 1479 632 1546 defectionem
661 1479 809 1565 tegebat.
855 1481 1060 1564 mutatisque

84 1585 219 1670 saepius
253 1583 337 1648 locis
370 1583 508 1648 tandem
539 1583 629 1668 apud
651 1585 916 1670 promunturium
937 1583 1060 1647 Miseni
1088 1609 1101 1649 s

83 1686 238 1751 consedit
262 1688 296 1750 in
318 1685 411 1769 villa,
435 1688 489 1750 cui
512 1686 552 1750 L.
576 1686 739 1752 Lucullus
764 1687 932 1774 quondam
957 1686 1060 1751 domi·

83 1812 157 1854 nus.
203 1788 273 1853 illic
297 1812 370 1854 eum
395 1788 665 1875 adpropinquare
690 1793 852 1876 supremis
877 1790 938 1857 tali
961 1791 1060 1856 modo

84 1902 301 1979 compertum.
348 1902 420 1958 erat
454 1893 606 1958 medicus
630 1904 703 1960 arte
732 1896 893 1979 insignis,
929 1897 1062 1962 nominc

84 1997 269 2079 Charicles,
293 2019 359 2061 non
376 1996 512 2082 quidem
526 2017 644 2080 regere
659 1996 874 2063 valetudines
897 1999 1061 2086 principis

86 2100 221 2182 solitus,
251 2099 385 2164 consilii
408 2110 520 2164 tamen
544 2101 675 2185 copiam
698 2099 871 2185 praebere.
916 2102 945 2165 is
968 2099 1062 2168 velut
1090 2125 1114 2163 io

84 2205 220 2290 propria
244 2203 288 2268 ad
311 2205 448 2286 negotia
473 2203 666 2288 digrediens
698 2212 732 2268 et
763 2225 823 2289 per
846 2205 993 2290 speciem
1015 2204 1062 2268 of-

26 2381 28 2386 ,
84 2310 153 2373 ficii
186 2330 321 2373 manum
353 2307 545 2394 complexus
579 2307 710 2394 pulsum
740 2329 901 2373 venarum
935 2309 1061 2392 attigit.

84 2434 193 2496 neque
225 2411 360 2478 fefellit:
395 2435 474 2476 nam
497 2411 672 2494 Tiberius,
707 2414 872 2476 incertum
895 2434 938 2476 an
963 2411 1062 2475 offen·

85 2538 142 2580 sus
165 2526 328 2601 tantoque
351 2519 459 2600 magis
483 2519 568 2582 iram
590 2538 754 2603 premens,
778 2517 961 2580 instaurari
985 2537 1060 2600 epu-

85 2618 137 2684 las
161 2620 254 2685 iubet
272 2620 518 2706 discumbitque
542 2619 631 2685 ultra
656 2619 801 2702 solitum,
826 2620 921 2706 quasi
943 2617 1062 2683 honori
1091 2642 1115 2680 u

86 2723 242 2788 abeuntis
278 2725 379 2789 amici
419 2722 591 2790 tribueret.
636 2722 810 2788 Charicles
844 2732 958 2786 tamen
992 2721 1062 2788 labi

87 2827 241 2911 spiritum
279 2849 341 2892 nec
377 2827 466 2892 ultra
500 2826 641 2893 biduum
676 2825 872 2892 duraturum
909 2825 1062 2891 Macroni

86 2930 242 2994 firmavit.
288 2929 366 2994 inde
389 2939 513 2996 cuncta
536 2930 721 3016 conloquiis
745 2933 834 2994 inter
856 2939 1062 3015 praesentes,

85 3034 213 3098 nuntiis
253 3033 343 3118 apud
376 3033 508 3116 legatos
541 3044 573 3098 et
603 3035 772 3099 exercitus
801 3033 1061 3098 festinabantur.

89 3137 265 3220 septimum
295 3136 459 3201 decimum
488 3136 558 3201 kal.
582 3137 710 3224 Aprilis
733 3135 919 3202 interclusa
949 3139 1062 3202 anima
1090 3157 1115 3195 20

89 3239 238 3306 creditus
277 3250 328 3306 est
365 3239 609 3308 mortalitatem
647 3241 853 3328 explevisse3
888 3250 920 3306 et
957 3239 1062 3305 multo

90 3351 285 3426 gratantum
308 3365 474 3410 concursu
503 3345 548 3410 ad
571 3344 736 3431 capienda
765 3345 895 3431 imperii
923 3346 1063 3430 primor-

91 3446 147 3509 dia
171 3444 277 3511 Gaius
301 3445 429 3517 Caesar
452 3446 703 3532 egrediebatur,
734 3469 809 3512 cum
835 3457 975 3533 repente
1004 3447 1062 3512 ad·

91 3549 195 3612 fertur
227 3549 339 3614 redire
362 3547 497 3615 Tiberio
531 3571 647 3616 vocem
681 3571 722 3614 ac
755 3551 848 3615 visus
882 3551 1064 3635 vocarique
