2530 4084
219 301 279 368 144
545 299 718 352 coenatu
736 301 858 352 uretur

163 521 189 560 ao
217 493 313 558 diar?
343 492 544 558 villarumne
573 492 706 556 infinita
737 492 870 576 spatia?
904 492 1107 557 familiarum
1133 515 1198 556 nu-

214 619 342 662 merum
365 608 398 662 et
420 595 600 661 nationes?
623 596 758 679 argenti
781 604 813 658 et
838 596 913 659 auri
927 594 1078 680 pondus?
1100 597 1196 660 aeris

215 701 472 787 tabularumque
487 697 673 765 miracula?
695 700 881 784 promiscas
896 700 980 763 viris
1003 708 1035 762 et
1057 699 1197 764 feminis

214 815 326 870 vestes
351 813 452 890 atque
476 802 535 868 illa
557 804 756 868 feminarum
771 803 918 889 propria,
942 804 1017 889 quis
1039 802 1197 888 lapidum

214 931 319 974 causa
347 910 511 994 pecuniae
541 916 678 972 nostrae
707 906 752 970 ad
781 915 939 971 externas
971 915 1029 970 aut
1057 904 1196 970 hostilis

162 1041 185 1076 rr.
215 1021 332 1095 gentes
358 1009 628 1077 transferuntur?

316 1115 367 1177 ot.
390 1115 461 1179 Nec
485 1117 602 1198 ignoro
627 1116 661 1178 in
685 1115 850 1178 conviviis
880 1122 912 1176 et
936 1111 1074 1177 circulis
1099 1115 1195 1176 incu-

214 1221 284 1284 sari
307 1221 373 1283 ista
397 1227 430 1282 et
453 1216 586 1283 modum
609 1218 718 1302 posci:
748 1216 809 1282 sed
832 1218 862 1280 si
885 1217 958 1301 quis
982 1214 1094 1299 legem
1116 1237 1195 1279 san-

214 1325 298 1405 ciat,
332 1344 458 1408 poenas
492 1320 638 1404 indicat,
674 1320 775 1385 iidem
810 1320 859 1385 illi
889 1321 1066 1384 civitatem
1094 1320 1194 1400 verti,

216 1424 485 1511 splendidissimo
520 1425 639 1510 cuique
680 1425 821 1489 exitium
852 1425 984 1508 parari,
1024 1425 1194 1487 neminem

173 1555 179 1587 ,·
214 1530 363 1594 oriminis
389 1537 561 1613 expertem
590 1525 823 1592 clamitabunt.
858 1527 952 1612 atqui
975 1549 1018 1590 ne
1041 1526 1193 1611 corporis

214 1631 348 1719 quidem
364 1630 497 1696 morbos
514 1641 645 1695 vetcres
669 1639 702 1693 et
727 1630 783 1694 diu
801 1639 917 1694 auctos
941 1630 1007 1694 nisi
1031 1629 1193 1714 perdura

214 1745 247 1800 et
271 1757 391 1820 aspera
415 1745 590 1798 coerceas:
619 1743 795 1819 corruptus
826 1731 923 1798 simul
948 1743 980 1798 et
1003 1742 1193 1818 corruptor,

214 1859 316 1924 aeger
350 1849 383 1903 et
410 1838 559 1921 flagrans
590 1839 721 1902 animus
750 1835 841 1901 haud
868 1835 1053 1902 levioribus
1087 1858 1192 1901 reme·

214 1942 279 2007 diis
303 1941 562 2025 restinguendus
587 1951 654 2021 est,
684 1961 783 2025 quam
806 1938 1006 2004 libidinibus
1030 1940 1193 2005 ardescit.

213 2057 265 2112 tot
294 2070 313 2110 a
342 2044 526 2110 maioribus
560 2053 715 2129 repertae
745 2043 854 2128 leges,
888 2053 939 2108 tot
973 2065 1056 2130 quas
1094 2043 1193 2108 divus

213 2149 386 2232 Augustus
410 2147 497 2231 tulit,
522 2147 600 2212 illae
624 2146 808 2230 oblivione,
830 2146 910 2229 hae,
934 2146 1023 2233 quod
1045 2147 1193 2230 flagitio-

214 2255 282 2318 sius
319 2263 385 2337 est,
425 2259 620 2337 contemptu
654 2249 803 2316 abolitae
838 2252 1041 2315 securiorem
1074 2248 1195 2314 luxum

213 2357 332 2422 fecere.
378 2378 456 2420 narn
486 2357 515 2420 si
543 2353 628 2418 velis
658 2346 748 2441 quod
774 2353 924 2418 nondum
951 2355 1096 2418 vetitum
1130 2360 1193 2436 est,

213 2463 333 2526 timeas
369 2483 412 2525 ne
440 2468 569 2523 vetere:
604 2468 639 2522 at
675 2461 704 2523 si
737 2456 906 2544 prohibita
935 2459 1069 2543 impune
1099 2467 1193 2522 tran-

213 2563 395 2646 scenderis,
418 2584 526 2648 neque
547 2572 655 2628 metus
679 2561 768 2626 ultra
790 2582 898 2646 neque
912 2560 1020 2646 pudor
1044 2572 1108 2626 est.
1134 2585 1193 2627 cur

213 2688 291 2751 crgo
316 2666 394 2730 olim
416 2667 623 2751 parsimonia
651 2663 823 2750 pollebat?
852 2665 929 2750 quia
960 2663 1025 2728 sibi
1049 2668 1191 2753 quisquc

212 2769 467 2853 moderabatur,
498 2771 575 2854 quia
604 2771 703 2833 unius
726 2767 820 2832 urbis
843 2769 935 2832 cives
960 2789 1113 2852 eramus3
1151 2793 1193 2834 no

212 2876 428 2939 inritamenta
462 2872 597 2958 quidem
633 2871 750 2936 eadem
786 2873 875 2936 intra
910 2869 1049 2935 Italiam
1085 2873 1191 2940 domi-

211 2976 381 3043 nantibus.
407 2977 556 3041 externis
580 2975 732 3040 victoriis
756 2973 879 3057 aliena,
903 2973 1060 3038 civilibus
1086 2978 1190 3042 etiam

155 3103 166 3141 r
211 3090 329 3146 nostra
352 3101 547 3144 consumere
571 3078 760 3143 didicimus.
789 3077 987 3163 quantulum
1010 3079 1106 3144 istud
1130 3091 1190 3164 est,

212 3185 253 3250 do
277 3208 340 3272 quo
364 3182 491 3249 aediles
522 3182 718 3247 admonent!
743 3204 856 3268 quam,
887 3183 916 3246 si
944 3189 1060 3246 cetera
1084 3187 1188 3272 respi-

211 3290 298 3366 cias,
329 3290 363 3353 in
386 3285 453 3350 levi
482 3285 687 3351 habendum!
718 3297 754 3351 at
781 3284 918 3351 hercule
946 3306 1043 3350 nemo
1074 3288 1187 3372 refert,

211 3391 299 3476 quod
321 3389 424 3454 Italia
448 3399 608 3452 externae
639 3391 710 3474 opis
740 3389 886 3472 indiget,
916 3387 1004 3474 quod
1026 3389 1101 3454 vita
1131 3411 1185 3476 po·

210 3493 279 3578 puli
309 3492 452 3557 Romani
485 3512 544 3574 per
574 3492 704 3555 incerta
739 3493 841 3556 maris
881 3501 915 3555 et
945 3500 1185 3577 tempestatum

159 3610 185 3650 2⁵
211 3594 336 3658 cotidie
358 3592 515 3658 volvitur.
561 3614 601 3656 ac
631 3594 697 3657 nisi
724 3594 973 3678 provinciarum
1001 3595 1124 3679 copiae
1153 3607 1182 3662 et
