2552 4084
222 267 266 334 52
425 297 427 304 ,
549 265 721 319 sennenn
739 265 862 318 rsoml

222 459 356 526 cedant.
379 462 431 526 ius
455 459 632 526 iurandum
663 459 803 545 perinde
833 458 1080 524 aestimandum
1104 480 1212 545 qnam

169 577 197 619 ²⁰
223 565 251 632 si
275 563 389 631 lovem
412 563 605 630 fefellisset:
630 563 766 629 deorum
788 565 930 628 iniurias
954 562 1005 627 dis
1028 585 1146 628 curae.

324 665 375 733 74.
398 667 469 734 Nec
491 667 596 734 multo
612 677 688 754 post
704 664 869 734 Granium
884 665 1083 732 Marcellum
1106 689 1209 753 prae·

221 783 327 839 torem
349 771 531 857 Bithyniae
563 781 721 857 quaestor
751 772 855 856 ipsius
878 768 1002 856 Caepio
1025 767 1206 855 Crispinus

220 877 408 942 maiestatis
444 873 644 962 postulavit,
687 873 922 939 subscribente
952 872 1106 938 Romano
1143 873 1206 938 Hi·

222 1001 342 1067 spone:
365 981 421 1067 qui
444 978 585 1046 formam
606 979 699 1044 vitae
722 978 815 1058 iniit,
839 999 939 1064 quam
961 985 1083 1062 postea
1110 977 1202 1042 cele-

181 1081 315 1150 sbrem
347 1083 504 1149 miseriae
536 1091 722 1169 temporum
756 1091 789 1146 et
824 1079 990 1146 audaciae
1030 1080 1206 1146 hominum

221 1187 382 1254 lecerunt.
406 1207 484 1252 nam
507 1207 619 1270 egens,
643 1187 788 1270 ignotus,
805 1186 946 1271 inquies,
963 1184 1041 1250 dum
1058 1184 1204 1249 occultis

221 1286 345 1355 libellis
370 1289 533 1354 saevitiae
555 1289 716 1374 principis
741 1286 883 1373 adrepit,
907 1309 986 1353 mox
1009 1287 1203 1353 clarissimo

221 1393 341 1478 cuique
362 1391 547 1479 periculum
569 1390 724 1475 facessit,
753 1392 941 1478 potentiam
969 1390 1060 1478 apud
1087 1415 1204 1474 unum,

221 1494 334 1561 odium
357 1493 447 1582 apud
470 1495 576 1560 omnis
600 1494 742 1581 adeptus
768 1495 861 1561 dedit
885 1479 1097 1582 exemplum,
1113 1495 1205 1582 quod

168 1623 194 1665 ro
221 1599 329 1665 secuti
345 1619 387 1664 ex
409 1598 609 1685 pauperibus
634 1598 773 1683 divites,
796 1623 840 1666 ex
867 1600 1068 1686 contemptis
1094 1610 1203 1666 metu·

221 1701 299 1770 endi
322 1703 504 1789 perniciem
527 1701 602 1769 aliis
634 1725 675 1768 ac
704 1712 909 1788 postremum
939 1703 1003 1768 sibi
1031 1705 1203 1769 invenere.

220 1805 282 1874 sed
308 1805 507 1872 Marcellum
534 1804 778 1872 insimulabant
808 1808 961 1872 sinistros
992 1805 1034 1871 de
1063 1805 1202 1872 Tiberio
1259 1797 1260 1800 ¹

221 1928 390 1976 sermones
423 1908 603 1992 habuisse,
639 1907 837 1975 inevitabile
871 1911 1012 1992 crimen,
1047 1930 1126 1975 cum
1160 1933 1202 1975 ex

221 2012 367 2080 moribus
382 2013 543 2100 principis
566 2011 760 2078 foedissima
783 2035 934 2100 quaeque
957 2011 1122 2098 deligeret
1147 2038 1201 2080 ao·

168 2139 194 2182 rc
220 2125 358 2184 cusator
386 2115 637 2203 obiectaretque
665 2138 733 2182 reo.
777 2139 856 2181 nam
880 2117 958 2203 quia
980 2139 1063 2183 vera
1093 2127 1201 2200 erant,
1258 2165 1259 2176 .

220 2221 323 2287 etiam
354 2217 445 2285 dicta
474 2218 711 2286 credebantur.
755 2218 889 2284 addidit
912 2219 1020 2305 Hispo
1050 2230 1200 2288 statuam

220 2322 374 2389 Marcelli
399 2321 503 2388 altius
526 2344 627 2409 quam
650 2320 836 2388 Caesarum
858 2323 977 2406 sitam,
1008 2334 1042 2388 et
1071 2324 1143 2391 alia
1166 2327 1199 2390 in

223 2435 338 2494 statua
367 2433 541 2512 amputato
571 2427 685 2512 capite
712 2424 860 2510 Augusti
896 2426 1042 2510 effigiem
1070 2427 1198 2494 Tiberii

219 2529 374 2596 inditam.
399 2528 444 2595 ad
467 2527 557 2615 quod
573 2530 704 2595 exarsit
727 2528 823 2612 adeo,
847 2538 884 2594 ut
906 2539 1005 2616 rupta
1021 2533 1197 2597 taciturni·
1257 2601 1258 2622 χ

168 2657 194 2698 so
220 2643 293 2700 tate
316 2631 541 2720 proclamaret
571 2655 607 2698 se
631 2655 762 2720 quoque
790 2634 824 2699 in
848 2655 888 2730 eq
917 2655 1021 2700 causa
1049 2633 1196 2701 laturum
1257 2623 1258 2711 l

220 2739 423 2804 sententiam
446 2735 561 2823 palam
584 2746 618 2802 et
640 2738 804 2819 iuratum,
834 2758 898 2822 quo
927 2738 1050 2802 ceteris
1080 2738 1196 2804 eadem

220 2842 406 2908 necessitas
439 2841 545 2906 fieret.
590 2839 774 2907 manebant
809 2841 913 2906 etiam
946 2849 1017 2906 tum
1049 2844 1196 2926 vestigia

219 2945 394 3011 morientis
422 2942 602 3010 libertatis.
647 2945 753 3028 igitur
781 2941 842 3009 Cn.
870 2944 949 3009 Piso
972 2940 1059 3030 ‘quo’
1089 2946 1195 3032 inquit

215 3043 303 3114 ‘loco
326 3047 497 3129 censebis,
526 3045 677 3113 Caesar?
711 3049 740 3113 si
773 3049 910 3134 primus,
944 3047 1075 3114 habebo
1110 3049 1194 3135 quod

168 3185 193 3224 ς,
222 3173 359 3238 sequar:
394 3153 422 3216 si
456 3160 533 3238 post
556 3153 680 3234 omnis,
703 3173 821 3218 vereor
847 3174 890 3216 ne
919 3150 1104 3237 inprudens
1129 3151 1192 3217 dis-

221 3253 385 3318 sentiam!
409 3261 579 3339 permotus
602 3253 671 3336 his,
694 3263 887 3339 quantoque
909 3254 1080 3318 incautius
1105 3255 1192 3320 effer-

220 3364 332 3439 verat,
353 3358 565 3442 paenitentia
586 3358 720 3442 patiens
749 3356 828 3422 tulit
857 3355 989 3423 absolvi
1014 3363 1112 3422 reum
1134 3360 1191 3423 cri·
1255 3347 1256 3409 l

220 3458 367 3526 minibus
388 3460 595 3525 maiestatis:
620 3459 661 3525 de
682 3461 836 3546 pecuniis
858 3459 1054 3546 repetundis
1077 3460 1188 3526 edre

221 3563 428 3648 ciperatores
451 3565 535 3629 itum
558 3572 620 3629 est.
