2500 4084
198 289 261 356 250
543 292 715 344 connnnn
734 291 856 346 rncmr

197 484 319 548 vitam:
342 481 536 566 Arruntius,
560 484 812 548 cunctationem
840 491 873 548 et
896 504 1008 548 moras
1033 482 1180 548 suaden-

198 586 289 655 tibus
313 589 432 654 amiois
444 638 453 671 ,
475 609 543 652 non
567 587 686 653 eadem
716 586 869 653 omnibus
893 588 1016 654 decora
1040 609 1181 673 respon-

158 723 171 763 5
200 691 263 755 dit:
288 690 352 756 sibi
377 693 461 756 satis
486 691 626 773 aetatis,
661 713 768 777 neque
803 689 897 758 aliud
927 691 1182 780 paenitendum,

198 815 297 878 quam
314 793 403 880 quod
418 794 508 860 inter
523 792 673 858 ludibria
689 803 722 858 et
738 794 889 881 pericula
905 796 1043 862 anxiam
1062 816 1180 865 senec-

199 908 268 963 tam
284 895 510 980 toleravisset,
534 896 592 961 diu
609 894 742 980 Seiano,
758 920 848 963 nunc
864 897 1028 981 Macroni,
1045 919 1181 986 semper

200 1001 301 1067 alicui
324 1002 511 1087 potentium
534 1001 680 1083 invisus,
709 1022 777 1066 non
800 1000 915 1087 culpa,
939 1001 999 1066 sed
1022 1009 1059 1066 ut
1082 1001 1180 1086 flegi-

199 1107 322 1170 tiorum
346 1105 526 1189 inpatiens.
573 1126 655 1168 sane
677 1125 805 1189 paucos
835 1103 880 1172 ad
910 1126 1064 1190 suprema
1087 1106 1180 1190 prin·

147 1239 173 1279 10
192 1209 283 1295 cipis
308 1207 379 1273 dies
402 1228 501 1293 posse
523 1208 643 1273 vitari:
668 1229 765 1292 quern
788 1207 982 1276 admodum
999 1229 1182 1273 evasurum

200 1314 404 1379 imminentis
427 1311 624 1377 iuventam?
647 1334 701 1394 an,
726 1333 801 1377 oum
824 1310 979 1378 Tiberius
1002 1320 1080 1396 post
1103 1321 1180 1376 tan·

199 1427 269 1482 tam
297 1439 407 1482 rerum
437 1417 681 1502 experientiam
705 1416 739 1480 vi
770 1415 1009 1482 dominationis
1038 1413 1181 1481 convul-

200 1543 256 1585 sus
291 1528 324 1584 et
358 1528 505 1585 mutatus
542 1520 602 1604 sit,
637 1518 761 1585 Gaium
783 1517 966 1585 Caesarem
988 1520 1049 1584 vix
1081 1517 1181 1584 finita

199 1625 354 1712 pueritia,
378 1625 535 1708 ignarum
552 1625 699 1690 omnium
721 1632 780 1688 aut
795 1623 950 1708 pessimis
967 1623 1179 1704 innutritum,

147 1756 171 1796 15
198 1726 337 1793 meliora
361 1727 606 1812 capessiturum
628 1725 788 1792 Macrone
813 1724 907 1809 duce,
941 1727 999 1811 qui
1022 1734 1059 1790 ut
1083 1723 1177 1791 dete·

199 1833 268 1897 rior
291 1830 336 1895 ad
360 1829 613 1917 opprimendum
637 1827 796 1894 Seianum
826 1828 977 1894 delectus
999 1826 1097 1914 plura
1120 1851 1181 1918 per

201 1934 330 2002 scelera
353 1933 616 2020 rempublicam
641 1932 929 1999 conflictavisset?
961 1941 1180 2018 prospectare

200 2041 268 2104 iam
291 2061 327 2104 se
350 2039 462 2103 acrius
487 2038 678 2120 servitium,
708 2058 813 2122 eoque
836 2036 952 2120 fugere
976 2033 1074 2101 simul
1099 2045 1179 2100 acta

202 2153 235 2208 et
258 2142 432 2206 instantia.
455 2140 540 2205 haeo
556 2143 645 2206 vatis
670 2142 705 2205 in
727 2139 863 2205 modum
886 2138 1049 2205 dictitans
1071 2160 1178 2203 venas

149 2274 174 2313 ao
201 2243 352 2309 resolvit.
398 2241 597 2308 documento
622 2243 798 2327 sequentia
822 2251 920 2308 erunt
941 2240 1027 2307 bene
1050 2239 1179 2306 Arrun-

201 2351 285 2414 tium
306 2355 413 2414 morte
435 2369 543 2413 usum.
587 2345 761 2411 Albucilla
784 2347 886 2411 inrito
909 2346 981 2410 ictu
1004 2343 1047 2409 ab
1072 2355 1179 2410 semet

201 2451 379 2517 vulnerata
403 2453 496 2516 iussu
520 2459 658 2515 senatus
682 2450 716 2514 in
750 2470 923 2515 carcerem
957 2449 1074 2514 fertur.
1108 2456 1178 2515 stu·

198 2577 334 2641 prorum
350 2556 421 2620 eius
436 2555 594 2638 ministri,
610 2550 786 2619 Carsidius
803 2551 971 2618 Sacerdos
986 2552 1176 2638 praetorius

199 2670 236 2724 ut
265 2660 299 2723 in
334 2657 479 2724 insulam
513 2657 757 2745 deportaretur,
790 2657 930 2722 Pontius
953 2653 1177 2739 Fregellanus

150 2788 175 2830 as
204 2764 374 2828 amitteret
398 2760 550 2826 ordinem
572 2762 795 2843 senatorium,
825 2769 858 2824 et
887 2759 1026 2825 eaedem
1048 2779 1178 2844 poenae

202 2868 236 2929 in
259 2864 414 2930 Laelium
436 2863 581 2930 Balbum
604 2864 840 2946 decernuntur,
865 2863 900 2929 id
915 2862 1050 2949 quidem
1073 2884 1095 2927 a
1110 2860 1177 2926 lae·

203 2968 371 3051 tentibus,
395 2968 474 3054 quia
497 2968 625 3034 Balbus
649 2969 738 3035 truci
762 2968 955 3054 eloquentia
979 2965 1175 3049 habebatur,

201 3081 374 3159 promptus
398 3071 578 3137 adversum
602 3073 763 3137 insontes.

303 3176 355 3240 49.
387 3175 499 3242 Isdem
541 3175 659 3243 diebus
693 3173 771 3241 Sex.
805 3177 966 3262 Papinius
1006 3173 1174 3244 consulari

200 3280 329 3347 familia
357 3281 569 3366 repentinum
602 3289 636 3345 et
668 3278 840 3345 informem
877 3280 1006 3345 exitum
1041 3277 1174 3362 delegit,

201 3386 292 3449 iacto
316 3385 351 3450 iu
374 3403 535 3470 praeceps
558 3404 708 3466 corpore.
734 3403 838 3448 eausa
863 3382 908 3451 ad
929 3394 1072 3450 matrem
1095 3382 1174 3446 refe-

201 3485 350 3569 rebatur,
384 3506 470 3570 quae
502 3485 633 3570 pridem
666 3483 846 3580 repudiata
880 3483 1172 3560 adsentationibus

165 3609 178 3650 s
204 3594 304 3670 atque
326 3585 408 3658 luxu
430 3583 631 3672 perpulisset
647 3588 802 3655 iuvenem
824 3587 870 3653 ad
893 3609 943 3671 ea,
968 3609 1108 3676 quorum
1130 3588 1170 3654 el·
