2534 4084
262 289 308 340 As
326 289 490 342 excussu
507 289 667 342 Aucusrr
684 290 706 340 1.
725 292 835 341 re-rs.
999 291 1039 354 21

45 484 187 547 tionem
229 479 405 568 perculsae
443 480 545 547 semel
583 490 729 565 mentes,
768 480 834 546 sibi
864 491 1047 547 aeternum-

44 585 212 650 laborem
249 585 421 669 portendi,
461 608 522 651 sua
565 586 719 670 facinora
759 587 911 651 aversari
958 586 1038 652 deos

45 690 300 754 lamentantur.
331 688 490 754 utendum
524 688 745 753 inclinatione
779 710 819 753 ea
842 687 971 754 Caesar
1005 701 1038 755 et

46 815 142 879 quae
167 813 271 856 casus
289 791 457 857 obtulerat
481 794 514 857 in
531 793 734 877 sapientiam
756 791 921 857 vertenda
944 803 1037 858 ratus

46 897 232 960 circumiri
256 897 402 960 tentoria
426 895 535 979 iubet3
559 897 691 960 accitur
713 897 866 960 centurio
882 892 1037 959 Clemens
1067 914 1091 951 1⁵

47 1011 84 1066 et
111 1001 143 1064 si
168 998 230 1063 alii
253 997 350 1063 bonis
375 999 505 1066 artibus
529 1001 619 1084 grati
643 1001 677 1063 in
699 996 832 1082 vulgus.
848 996 884 1063 hi
899 999 1038 1083 vigiliis,

46 1101 277 1185 stationibus,
300 1102 464 1168 custodiis
487 1113 659 1189 portarum
689 1124 725 1167 se
754 1104 919 1185 inserunt,
946 1124 1039 1190 spem

45 1208 211 1286 offerunt,
235 1216 359 1271 metum
388 1207 576 1272 intendunt.
600 1203 680 1292 ‘quo
708 1228 814 1292 usque
841 1205 947 1271 filium
981 1207 1038 1270 im-

44 1312 227 1396 peratoris
266 1308 517 1375 obsidebimus?
561 1311 635 1396 quis
673 1311 893 1375 certaminum
937 1309 1039 1374 finis?

45 1415 291 1480 Percennione
334 1424 367 1478 et
405 1412 573 1479 Vibuleno
617 1423 866 1478 sacramentum
912 1412 1036 1478 dicturi
1064 1433 1090 1470 ²0

48 1516 195 1583 sumus?
228 1516 433 1582 Percennius
468 1527 501 1582 et
523 1515 710 1582 Vibulenus
746 1514 916 1601 stipendia
950 1514 1036 1580 mili-

48 1621 166 1701 tibus,
206 1639 307 1703 agros
353 1621 500 1686 emeritis
544 1618 757 1703 largientur?
795 1617 938 1705 denique
976 1641 1036 1704 pro

47 1722 249 1789 Neronibus
273 1732 307 1787 et
329 1722 451 1788 Drusis
476 1724 650 1809 imperium
671 1722 785 1809 populi
813 1723 956 1788 Romani
980 1745 1035 1788 ca-

49 1825 218 1913 pessent?
240 1827 319 1913 quin
342 1829 464 1912 potius,
486 1837 523 1892 ut
546 1828 722 1892 novissimi
746 1828 780 1891 in
803 1826 954 1913 culpam,
985 1829 1034 1892 ita

49 1931 156 2016 primi
179 1929 225 1994 ad
251 1931 494 2015 paenitentiam
529 1930 664 1995 sumus?
697 1929 797 1995 tarda
833 1941 911 1995 sunt
946 1953 1031 2017 quae
1059 1949 1087 1987 ‘2⁵

52 2038 88 2100 in
127 2055 304 2098 commune
353 2033 632 2119 expostulantur:
675 2035 845 2119 privatam
888 2036 1035 2118 gratiam

52 2139 174 2204 statim
210 2159 370 2220 mereare,
411 2139 527 2202 statim
559 2133 725 2223 recipias?
761 2140 937 2203 commotis
974 2160 1036 2224 per

52 2241 140 2306 haec
166 2240 334 2305 mentibus
364 2251 398 2306 et
432 2243 520 2306 inter
555 2262 590 2305 sc
625 2241 801 2324 suspectis,
836 2241 979 2305 tironem
1014 2263 1034 2305 a

53 2355 230 2427 veterano,
252 2342 419 2428 legionem
435 2367 455 2409 a
471 2343 605 2427 legione
622 2342 819 2408 dissociant.
837 2353 907 2408 tum
922 2342 1034 2409 redire

53 2447 223 2534 paulatim
245 2469 338 2511 amor
372 2446 540 2535 obsequii:
574 2448 731 2512 omittunt
767 2456 900 2532 portas,
936 2448 1032 2530 signa
1059 2465 1084 2504 ³0

53 2573 157 2616 unum
198 2551 232 2615 in
265 2548 376 2616 locum
407 2552 573 2638 principio
612 2549 788 2615 seditionis
824 2561 1033 2634 congregata

54 2677 134 2718 suas
160 2655 196 2718 in
220 2653 317 2719 sedes
341 2655 499 2719 referunt.

158 2755 211 2819 29.
233 2755 365 2821 Drusus
383 2767 455 2823 orto
473 2756 527 2822 die
544 2768 576 2822 et
591 2767 716 2823 vocata
733 2760 901 2842 contione,
919 2781 1032 2845 quam-

53 2881 155 2947 quam
188 2857 282 2923 rudis
318 2858 464 2943 dicendi,
495 2859 676 2925 nobilitate
711 2862 863 2945 ingenita
898 2863 1032 2928 incusat

52 2965 179 3048 priora,
214 2961 338 3046 probat
373 2964 584 3048 praesentia,
621 2975 727 3048 negat
764 2986 801 3028 se
836 2974 964 3029 terrore
999 2976 1032 3030 et

52 3067 153 3131 minis
176 3067 286 3130 vinci:
320 3065 426 3131 flexos
460 3066 506 3132 ad
538 3065 738 3132 modestiam
773 3069 802 3132 si
839 3068 966 3145 videat,
1004 3071 1032 3133 si

54 3169 223 3255 supplices
262 3168 389 3252 audiat,
428 3172 629 3258 scripturum
673 3173 763 3256 patri
799 3180 837 3236 ut
873 3171 1029 3256 placatus
1057 3187 1070 3228 ⁵

53 3272 224 3356 legionum
246 3293 364 3357 preces
383 3275 565 3361 exciperet.
589 3272 764 3339 orantibus
788 3297 919 3339 rursum
942 3274 1031 3340 idem

53 3376 195 3441 Blaesus
219 3385 253 3441 et
274 3375 314 3441 L.
336 3375 515 3463 Apronius,
539 3399 638 3465 eques
660 3377 830 3442 Romanus
853 3400 871 3442 e
893 3376 1031 3443 cohorte

54 3479 167 3562 Drusi,
191 3478 371 3566 Iustusque
393 3477 567 3565 Catonius,
589 3481 688 3567 primi
712 3480 840 3546 ordinis
863 3482 1025 3563 centurio,

54 3582 96 3647 ad
117 3580 289 3646 Tiberium
310 3583 497 3650 mittuntur.
527 3593 694 3650 certatum
728 3583 806 3648 inde
836 3585 1024 3667 sententiis,
