2530 4084
247 318 293 367 AB
314 319 478 370 EXCESSU
497 319 655 370 AUGUSTI
673 320 722 370 III.
742 323 852 372 27-30.
976 322 1039 385 129

55 508 248 574 solveretur
272 519 304 574 et
321 511 545 596 quinquennio
568 513 731 575 maturius
749 533 848 597 quam
870 533 929 596 per
945 511 1038 595 leges

58 621 278 698 quaesturam
293 622 432 698 peteret,
454 635 522 678 non
540 615 613 678 sine
630 616 736 679 inrisu
751 614 960 680 audientium
982 637 1039 700 po·
1066 633 1079 673 ⁵

59 714 217 782 stulavit.
261 716 507 802 praetendebat
544 717 609 782 sibi
639 727 740 804 atque
767 718 866 784 fratri
902 719 1038 785 decreta

60 819 182 884 eadem
204 829 340 906 petente
355 820 520 905 Auguste.
546 821 606 886 sed
629 844 736 908 neque
759 832 829 888 tum
851 823 955 887 fuisse
980 821 1038 886 du-

58 923 253 1004 bitaverim,
277 925 333 1008 qui
357 926 533 991 eiusmodi
549 948 665 1011 preces
683 927 807 991 occulti
830 925 1037 991 inluderent:

58 1047 102 1090 ac
126 1036 240 1090 tamen
264 1029 360 1092 initia
376 1029 507 1112 fastigii
523 1027 727 1094 Caesaribus
751 1040 846 1095 erant
863 1032 1038 1116 magisque

59 1132 96 1194 in
113 1128 220 1195 oculis
236 1138 333 1196 vetus
357 1153 439 1215 mos,
464 1140 497 1196 et
513 1134 678 1217 privignis
702 1154 778 1198 cum
793 1135 914 1198 vitrico
929 1133 1038 1197 levior
1066 1153 1090 1191 10

58 1233 276 1299 necessitudo
301 1256 400 1320 quam
424 1257 487 1300 avo
511 1235 690 1300 adversum
712 1246 876 1322 nepotem.
902 1237 1039 1301 additur

57 1338 278 1423 pontificatus
313 1347 347 1402 et
381 1361 445 1426 quo
474 1341 618 1426 primum
647 1339 701 1405 die
728 1341 836 1405 forum
865 1343 1037 1424 ingressus

60 1451 112 1506 est
141 1443 351 1525 congiarium
377 1442 468 1528 plebi
496 1443 674 1509 admodum
697 1443 819 1527 laetae,
843 1445 933 1530 quod
956 1443 1038 1509 Ger·

59 1546 186 1611 manici
210 1547 348 1632 stirpem
377 1549 444 1612 iam
473 1547 632 1634 puberem
660 1547 858 1634 aspiciebat.
905 1557 1040 1613 auctum

61 1649 184 1714 dehinc
220 1650 380 1732 gaudium
414 1653 540 1736 nuptiis
569 1651 712 1717 Neronis
748 1662 781 1718 et
802 1650 911 1717 Iuliae
933 1651 1038 1717 Drusi
1065 1671 1091 1708 1⁵

59 1754 162 1820 filiae.
208 1763 311 1840 utque
338 1754 422 1819 haec
453 1755 600 1820 secundo
629 1777 776 1840 rumore,
811 1757 861 1820 ita
885 1755 1037 1820 adversis

61 1859 183 1924 animis
207 1868 394 1944 acceptum,
419 1858 508 1944 quod
529 1859 598 1923 filio
623 1857 757 1923 Olaudii
782 1880 879 1923 socer
895 1857 1037 1923 Seianus

62 1962 299 2027 destinaretur.
343 1961 504 2048 polluisse
532 1961 745 2027 nobilitatem
774 1961 924 2026 familiae
946 1961 1039 2026 vide-

59 2065 162 2130 batur
178 2075 433 2152 suspeotumque
456 2068 523 2132 iam
545 2067 671 2130 nimiae
688 2067 759 2151 spei
776 2064 934 2131 Seianum
949 2065 1038 2130 ultra

60 2167 234 2234 extulisse.
1066 2188 1091 2226 20

164 2268 216 2334 30.
239 2271 325 2336 Fine
353 2273 435 2336 anni
463 2292 663 2337 concessere
696 2272 768 2336 vita
793 2273 945 2355 insignes
974 2271 1039 2336 viri

60 2375 99 2438 L.
123 2374 286 2439 Volusius
316 2386 349 2441 et
378 2373 559 2440 Sallustius
584 2373 732 2460 Crispus.
777 2373 917 2440 Volusio
940 2385 1038 2440 vetus

59 2476 190 2543 familia
213 2499 321 2563 neque
345 2490 457 2543 tamen
479 2487 673 2564 praeturam
689 2501 842 2564 egressa:
866 2481 937 2565 ipse
961 2501 1039 2544 con-

63 2581 211 2647 sulatum
234 2581 358 2666 intulit,
383 2585 536 2648 censoria
567 2585 669 2648 etiam
690 2591 861 2668 potestate
884 2583 1038 2666 legendis

61 2686 209 2771 equitum
245 2684 389 2750 decuriis
423 2684 569 2769 functus,
604 2708 783 2773 opumque,
819 2687 891 2772 quis
923 2686 1037 2752 domus
1065 2704 1078 2743 ⁵

59 2791 121 2856 illa
149 2791 337 2854 inmensum
369 2790 493 2874 viguit,
522 2791 647 2876 primus
677 2789 921 2854 adcumulator.
968 2788 1039 2855 Ori-

61 2917 159 2980 spum
182 2893 330 2980 equestri
348 2901 457 2958 ortum
479 2892 552 2958 loco
566 2891 602 2958 O.
628 2891 818 2976 Sallustius,
843 2915 954 2958 rerum
975 2893 1039 2957 Ro·

59 3018 236 3062 manarum
256 2995 510 3060 florentissimus
535 3005 665 3080 auctor,
690 2998 814 3061 sororis
837 3006 991 3083 nepotem
1005 2998 1039 3060 in

59 3122 181 3166 nomen
197 3097 354 3163 adscivit.
379 3109 479 3185 atque
503 3099 570 3183 ille,
594 3122 796 3187 quamquam
818 3109 970 3186 prompto
995 3099 1040 3163 ad

60 3201 287 3290 capessendos
311 3201 454 3267 honores
471 3202 577 3287 aditu,
600 3203 833 3268 Maecenatem
849 3201 1038 3269 aemulatus
1067 3223 1091 3262 10

61 3311 131 3373 sine
156 3306 326 3390 dignitate
343 3307 514 3372 senatoria
537 3306 659 3372 multos
684 3306 937 3393 triumphalium
961 3327 1038 3370 con-

60 3411 287 3496 sulariumque
314 3411 467 3494 potentia
496 3411 632 3492 anteiit,
663 3410 815 3476 diversus
845 3434 864 3475 a
887 3419 1040 3494 veterum

59 3516 216 3580 instituto
238 3534 299 3598 per
322 3511 449 3578 cultum
481 3522 513 3578 et
536 3513 720 3579 munditias
745 3516 909 3600 copiaque
933 3521 966 3577 et
990 3512 1039 3576 af·

59 3619 195 3686 fluentia
218 3616 301 3683 luxu
321 3620 466 3705 propior.
514 3617 652 3684 suberat
675 3628 788 3685 tamen
811 3620 910 3701 vigor
933 3619 1037 3682 animi

110 3751 233 3796 caurus.
249 3751 268 3794 1.
973 3738 988 3785 9
