2530 4084
212 293 275 358 148
545 290 718 344 CORNELII
737 291 858 343 rscrrr

211 500 440 567 simultatibus
458 499 621 585 effectum,
642 513 680 567 ut
695 524 715 566 a
731 499 947 587 pontificibus
963 499 1131 565 maximis
1157 499 1208 564 ire

209 605 244 669 in
273 606 466 692 provincias
494 604 765 692 prohiberentur:
809 625 898 670 nunc
931 602 1030 670 deum
1059 627 1207 670 munere

210 731 373 774 summum
394 709 589 796 pontificum
602 711 706 775 etiam
728 731 891 774 summum
913 707 1088 773 homiuum
1112 729 1206 788 esse,

208 833 276 876 non
299 811 528 896 aemulationi,
552 834 618 878 nou
643 811 719 877 odio
743 821 803 877 aut
824 811 966 897 privatis
990 810 1206 876 adfectioni-

157 927 184 969 ὀ
210 911 272 978 bus
298 913 489 980 obnoxium.

311 1015 362 1082 59.
387 1018 560 1085 Adversus
584 1040 768 1105 quaecum
798 1037 905 1101 augur
928 1015 1095 1081 Lentulus
1123 1017 1204 1082 alii-

211 1143 273 1208 que
296 1124 391 1188 varie
416 1123 631 1206 dissererent,
654 1145 693 1188 eo
719 1123 895 1188 decursum
917 1131 984 1204 est,
1018 1131 1057 1185 ut
1080 1123 1203 1206 ponti-

209 1226 281 1291 ficis
321 1228 459 1293 maximi
501 1229 704 1293 sententiam
743 1226 982 1313 opperirentur.
1034 1223 1203 1290 Tiberius

212 1329 319 1396 dilata
342 1333 478 1397 notione
503 1332 543 1398 de
568 1334 639 1397 iure
660 1331 814 1413 flaminis,
839 1328 992 1395 decretas
1018 1328 1062 1393 ob
1087 1328 1202 1394 tribu·

172 1457 184 1494 a
211 1434 335 1498 niciam
363 1434 467 1500 Drusi
494 1444 698 1522 potestatem
726 1435 948 1500 caerimonias
978 1435 1201 1519 temperavit,

208 1539 407 1614 nominatim
428 1560 573 1624 arguens
597 1539 812 1604 insolentiam
839 1538 1029 1603 sententiae
1053 1560 1201 1603 aureas·

210 1661 273 1725 que
297 1639 431 1708 litteras
462 1653 582 1708 contra
610 1644 758 1729 patrium
785 1660 920 1714 morem.
965 1642 1140 1706 recitatae
1166 1651 1200 1705 ct

208 1743 315 1809 Drusi
349 1746 513 1832 epistulae
548 1769 747 1834 quamquam
775 1745 820 1810 ad
852 1744 1054 1810 modestiam
1082 1745 1200 1811 flexae

207 1868 268 1934 pro
286 1849 533 1935 superbissimis
550 1853 771 1938 accipiuntur.
787 1849 852 1915 huc
869 1848 1037 1915 decidisse
1054 1860 1200 1930 cuncta,

155 1975 181 2014 ιο
208 1960 243 2015 ut
266 1974 308 2016 ne
331 1953 459 2018 iuvenis
484 1954 620 2040 quidem
643 1963 738 2020 tanto
761 1954 887 2019 honore
911 1962 1051 2038 accepto
1078 1951 1198 2018 adiret

206 2053 299 2118 urbis
325 2054 415 2140 deos,
440 2057 674 2141 ingrederetur
697 2067 865 2140 senatum,
889 2057 1042 2143 auspicia
1068 2055 1197 2122 saltem

207 2157 332 2240 gentile
349 2160 437 2246 apud
460 2160 566 2226 solum
582 2163 754 2248 inciperet.
777 2159 867 2226 bello
885 2183 959 2226 eum
980 2158 1117 2224 scilicet
1136 2171 1198 2226 aut
1254 2212 1255 2239 ,

208 2259 340 2328 diverso
360 2272 525 2329 terrarum
550 2264 721 2347 distineri,
745 2263 845 2329 litora
870 2274 903 2329 et
925 2263 1021 2329 lacus
1046 2261 1197 2351 Campa·

205 2365 283 2429 niae
306 2389 382 2432 cum
396 2370 542 2434 maxime
555 2377 804 2454 peragrantem.
828 2370 878 2434 sic
902 2367 1005 2433 imbui
1022 2377 1197 2434 rectorem

154 2493 180 2532 rs
206 2470 338 2550 generis
361 2471 506 2556 humani,
530 2472 566 2537 id
587 2474 729 2560 primum
752 2496 769 2537 e
790 2473 941 2558 paternis
964 2471 1119 2537 consiliis
1147 2471 1197 2537 di-

207 2594 310 2638 scere.
324 2595 406 2640 sane
419 2585 620 2660 gravaretur
637 2586 810 2663 aspectum
823 2577 948 2640 civium
966 2597 1072 2641 senex
1089 2575 1196 2661 impe·

205 2686 298 2742 rator
310 2676 497 2766 fessamque
513 2689 660 2746 aetatem
673 2690 706 2745 et
723 2688 816 2746 actos
833 2678 967 2744 labores
990 2677 1196 2764 praetende-

206 2789 272 2845 ret:
295 2780 407 2848 Druso
425 2784 513 2869 quod
529 2785 595 2850 nisi
611 2807 654 2850 ex
669 2783 872 2866 adrogantia
891 2781 1195 2868 impedimentum?

310 2882 361 2949 60.
387 2884 454 2952 Sed
469 2887 635 2971 Tiberius,
648 2890 716 2953 vim
732 2887 943 2974 principatus
960 2884 1025 2950 sibi
1040 2885 1194 2968 firmans,
1252 2923 1253 2952 r

208 2987 389 3072 imaginem
405 2991 619 3076 antiquitatis
645 2991 778 3056 senatui
792 2988 991 3076 praebebat,
1013 2987 1192 3073 postulata

206 3093 457 3175 provinciarum
485 3094 529 3160 ad
561 3094 829 3182 disquisitionem
856 3101 990 3179 patrum
1013 3091 1192 3157 mittendo.

208 3195 447 3263 crebrescebat
463 3199 551 3264 enim
568 3195 720 3264 Graecas
736 3220 796 3284 per
812 3195 911 3262 urbes
928 3194 1068 3260 licentia
1086 3205 1190 3283 atque

167 3325 180 3364 s
206 3298 388 3382 impunitas
423 3299 520 3386 asyla
556 3300 744 3384 statuendi3
784 3297 1029 3385 conplebantur
1062 3299 1190 3384 templa
1251 3333 1252 3348 π

206 3402 362 3483 pessimis
386 3404 614 3487 servitiorum3
638 3403 755 3469 eodem
771 3400 921 3466 subsidio
946 3400 1103 3466 obaerati
1126 3402 1186 3466 ad·

132 3525 134 3528 ·
151 3575 157 3584 Ι
207 3521 339 3567 versum
356 3503 541 3569 creditores
558 3507 770 3592 suspectique
787 3503 985 3591 capitalium
1008 3505 1187 3570 criminum

208 3604 477 3687 receptabantur.
521 3629 584 3672 nec
606 3607 711 3674 ullum
734 3610 817 3673 satis
840 3605 992 3672 validum
1015 3609 1189 3694 imperium
