2530 4084
215 287 277 351 1Ξο
539 287 713 340 CORNELII
732 287 853 340 ulem

1255 423 1257 458 Ι

214 475 370 543 eubiculo
386 497 501 559 uxore,
526 479 649 563 operiri
672 477 760 543 fores
778 475 892 561 iussit}
917 485 949 542 et
974 486 1096 564 coepta
1120 477 1196 543 luce

161 609 186 648 so
212 581 364 667 perfosso
386 579 513 664 iugulo,
536 582 670 646 iacente
692 581 785 646 humi
801 580 927 666 gladio,
951 589 1107 668 repertus
1132 590 1195 646 eet.
1255 567 1257 618 l

317 683 365 748 16.
388 683 517 748 Audire
549 707 601 749 me
628 686 765 750 memini
795 707 838 750 ex
868 685 1058 751 senioribus
1084 687 1194 750 visum
1255 709 1257 746 1

212 788 346 875 saepius
370 788 459 852 inter
489 810 608 853 manus
632 789 766 854 Pisonis
790 788 957 872 libellum,
991 811 1091 876 quem
1121 791 1191 874 ipse
1256 791 1257 828 ³

210 913 277 956 non
305 890 512 975 vulgaverit3
537 892 597 957 sed
624 895 750 958 amieos
778 894 849 958 eius
882 892 1106 974 dictitavisse,
1136 891 1191 956 lit·
1255 847 1257 944 l

210 1004 303 1060 teras
320 994 448 1061 Tiberii
471 1005 504 1060 et
528 996 692 1061 mandata
708 997 742 1060 in
757 993 995 1061 Germanicum
1011 997 1190 1078 contineri,

172 1125 186 1167 s
211 1121 252 1164 ae
277 1098 483 1165 destinatum
504 1121 657 1186 promere
686 1098 777 1185 apud
798 1110 914 1186 patres
937 1101 1190 1186 principemque

211 1222 371 1287 arguere,
404 1204 441 1269 ni
472 1203 584 1268 elusus
615 1227 635 1268 a
665 1202 788 1268 Seiano
815 1225 876 1290 per
904 1225 994 1268 vana
1021 1206 1190 1289 promissa

1255 1269 1257 1296 l

209 1307 312 1391 foret3
334 1329 396 1372 nee
420 1307 516 1372 illum
539 1316 656 1393 sponte
673 1308 887 1390 exstinctum,
911 1329 1027 1372 verum
1050 1309 1189 1372 inmisso
1256 1323 1257 1370 f

209 1431 416 1494 percussore.
441 1431 581 1496 quorum
596 1419 752 1475 neutrum
767 1409 1059 1475 adseveraverim:
1082 1433 1189 1498 neque
1256 1457 1257 1482 ,

209 1521 324 1578 tamen
340 1513 493 1578 occulere
510 1512 611 1579 debui
626 1522 802 1579 narratum
818 1512 861 1578 ab
886 1515 938 1597 iis,
963 1515 1021 1600 qui
1035 1524 1190 1580 nostram
1256 1519 1257 1588 ἱ

157 1643 182 1684 ιο
210 1616 255 1680 ad
278 1618 450 1682 iuventam
475 1616 694 1682 duraverunt.
728 1613 856 1682 Caesar
882 1616 970 1682 flexo
995 1619 1029 1682 in
1053 1621 1189 1685 maesti·

208 1721 293 1785 tiam
326 1741 383 1785 ore
424 1742 518 1785 suam
555 1720 720 1786 invidiam
759 1719 823 1784 tali
855 1730 962 1785 morte
997 1725 1189 1807 quaesitam

209 1822 299 1909 apud
323 1833 477 1889 senatum
500 1833 702 1910 conquestus
717 1822 761 1886 M.
778 1823 935 1888 Pisonem
951 1825 1071 1889 vocari
1095 1825 1188 1891 iubet

208 1928 404 2014 crebrisque
427 1927 751 2012 interrogationibus
776 1929 934 2014 exquirit,
958 1927 1096 2015 qualem
1111 1930 1187 1994 Piso

209 2031 297 2097 diem
321 2053 511 2118 supremum
540 2040 740 2118 noctemque
769 2033 950 2116 exegisset.
996 2041 1101 2119 atque
1131 2033 1187 2098 illo
1255 2065 1256 2082 κ

156 2157 181 2199 15
206 2134 367 2223 pleraque
391 2138 571 2221 sapienter,
603 2134 772 2222 quaedam
800 2134 1024 2201 inconsultius
1048 2158 1186 2222 respon-

208 2237 318 2323 dente,
352 2241 477 2305 reoitat
506 2238 683 2304 codicillos
713 2239 877 2304 aPisone
906 2239 941 2302 in
969 2237 1059 2304 hunc
1082 2239 1186 2305 ferme

206 2342 341 2407 modum
368 2343 588 2429 compositos:
618 2339 883 2428 ‘conspiratione
911 2343 1125 2407 inimicorum
1154 2351 1186 2407 et

207 2447 336 2512 invidia
359 2448 437 2513 falsi
461 2449 611 2514 oriminis
642 2468 831 2534 oppressus,
860 2456 1025 2532 quatenus
1047 2447 1186 2511 veritati

207 2560 240 2615 et
263 2553 478 2616 innocentiae
506 2574 601 2617 meae
623 2572 790 2637 nusquam
813 2549 907 2615 locus
932 2560 1001 2633 est,
1031 2549 1113 2614 deos
1137 2550 1185 2614 in·
1254 2559 1255 2598 l

155 2677 181 2715 so
206 2653 366 2720 mortales
396 2664 502 2721 testor
525 2657 654 2720 vixisse
677 2677 740 2737 me,
764 2651 907 2737 Caesar,
937 2675 1013 2718 eum
1034 2652 1103 2717 fide
1127 2652 1184 2719 ad·

206 2779 339 2822 versum
362 2767 406 2840 te,
440 2781 549 2845 neque
583 2758 652 2823 alia
683 2759 718 2823 in
746 2767 888 2822 matrem
916 2765 1009 2822 tuam
1038 2758 1184 2842 pietate3

205 2882 331 2947 vosque
355 2883 412 2927 oro
435 2861 552 2929 liberis
575 2863 658 2927 meis
681 2861 880 2944 consulatis,
911 2883 953 2926 ex
976 2859 1099 2947 quibus
1124 2857 1183 2924 On.

204 2965 283 3030 Piso
307 2965 540 3051 qualicumque
555 2966 712 3032 fortunae
727 2987 822 3031 meae
837 2987 904 3030 non
921 2975 973 3030 est
989 2963 1182 3048 adiunctus,

205 3090 281 3134 eum
297 3090 394 3134 omne
408 3069 471 3135 hoe
488 3078 618 3155 tempus
636 3071 670 3133 in
685 3067 769 3133 urbe
786 3069 903 3151 egerit,
926 3066 971 3132 M.
986 3067 1065 3131 Piso
1090 3089 1182 3153 repe·
1253 3069 1254 3104 ³

153 3189 178 3229 2⁵
205 3180 277 3237 tere
291 3170 424 3238 Suriam
437 3172 636 3238 dehortatus
652 3181 713 3236 est.
731 3181 833 3257 atque
845 3173 975 3235 utinam
992 3191 1053 3256 ego
1069 3173 1182 3256 potius

204 3274 274 3340 filio
298 3277 411 3341 iuveni
435 3297 535 3360 quam
564 3274 621 3341 ille
643 3277 734 3362 patri
759 3277 832 3341 seni
855 3276 1025 3339 cessisset.
1071 3297 1110 3338 eo
1133 3276 1181 3339 in·

204 3379 341 3462 pensius
363 3400 492 3464 precor,
515 3402 558 3445 ne
573 3401 668 3444 meae
682 3379 865 3464 pravitatis
880 3399 1006 3464 poenas
1023 3379 1180 3442 innoxius

206 3478 288 3544 luat.
310 3501 370 3566 per
393 3483 539 3567 quinque
572 3491 604 3546 et
634 3481 863 3568 quadraginta
893 3502 1056 3546 annorum
1088 3481 1180 3547 obse-

207 3583 335 3664 quium,
368 3604 428 3668 per
455 3581 636 3667 collegium
664 3582 862 3650 consulatus
898 3583 1068 3670 quondam
1103 3585 1179 3650 divo
