2552 4084
291 264 338 314 AB
355 265 518 318 EXCESSU
536 265 695 318 AUGUSTI
714 267 734 317 1.
754 267 863 320 48—51.
1025 269 1067 334 35

68 460 158 524 cari
180 457 444 525 commilitonum
466 481 593 542 manes,
617 482 718 546 quam
741 462 770 526 si
792 459 984 546 pectoribus
1008 463 1067 526 im·

68 566 149 648 piis
173 563 319 629 honesta
336 564 475 630 vulnere
492 567 715 650 accepissent.
741 568 890 651 sequitur
912 564 1068 632 ardorem

72 666 231 734 militum
246 666 375 733 Caesar
397 671 576 755 iunctoque
592 680 694 755 ponte
717 672 876 736 tramittit
892 669 1069 736 duodecim

75 771 181 837 milia
205 795 224 836 e
247 772 458 857 legionibus,
482 797 543 840 sex
573 784 606 840 et
627 776 752 858 viginti
775 777 886 841 socias
909 775 1067 859 cohortis,

79 887 161 942 octo
179 879 328 962 equitum
350 876 435 959 alas,
459 899 597 964 quarum
620 897 660 942 ea
678 877 843 944 seditione
867 881 1067 945 intemerata
1095 895 1121 934 2⁰

79 979 254 1046 modestia
276 980 349 1046 fuit.

190 1079 242 1146 50.
270 1081 372 1148 Laeti
401 1106 507 1170 neque
535 1083 650 1170 procul
680 1083 841 1150 Germani
877 1085 1067 1170 agitabant,

83 1185 165 1250 dum
190 1185 319 1250 iustitio
337 1186 378 1251 ob
395 1190 556 1252 amissum
572 1188 772 1273 Augustum,
794 1199 871 1275 post
888 1189 1067 1256 discordiis

83 1293 279 1356 attinemur.
325 1303 361 1356 at
396 1292 566 1357 Romanus
602 1295 737 1377 agmine
770 1315 911 1380 propero
948 1293 1069 1358 silvam

84 1392 247 1458 Caesiam
284 1392 488 1482 limitemque
523 1420 544 1460 a
572 1395 709 1461 Tiberio
744 1407 898 1483 coeptum
932 1397 1067 1482 scindit,

81 1507 200 1560 castra
231 1497 265 1560 in
293 1494 398 1563 limite
425 1497 531 1581 locat,
564 1498 709 1565 frontem
741 1521 782 1564 00
806 1509 937 1584 tergum
965 1499 1066 1584 vallo,
1094 1513 1107 1554 ⁵

83 1598 197 1664 latera
221 1599 448 1666 concaedibus
470 1603 629 1668 munitus.
664 1602 743 1668 inde
767 1602 875 1668 saltus
906 1603 1066 1670 obscuros

82 1713 239 1788 permeat
260 1703 512 1790 consultatque,
543 1727 587 1770 ex
611 1705 739 1771 duobus
764 1705 941 1772 itineribus
964 1706 1067 1774 breve

82 1819 119 1872 et
143 1806 281 1872 solitum
303 1819 463 1894 sequatur
492 1832 536 1874 an
559 1808 742 1895 inpeditius
774 1822 808 1876 et
831 1812 1067 1896 intemptatum

83 1931 192 1996 eoque
216 1909 368 1977 hostibus
392 1913 571 1978 incautum.
604 1911 738 1978 delecta
760 1913 913 1999 longiore
935 1916 991 1980 via
1014 1937 1067 1979 ce·

82 2025 160 2079 tera
184 2012 439 2080 adcelerantur:
469 2017 594 2080 etenim
616 2015 803 2082 attulerant
832 2015 1065 2102 exploratores
1094 2033 1120 2072 10

82 2119 210 2184 festam
232 2139 307 2182 eam
322 2115 501 2183 Germanis
517 2128 651 2183 noctem
667 2139 707 2183 ae
724 2117 942 2186 sollemnibus
959 2121 1066 2207 epulis

83 2221 263 2287 ludicram.
286 2220 435 2286 Caecina
451 2243 526 2287 cum
543 2221 710 2307 expeditis
723 2221 918 2290 cohortibus
934 2226 1068 2309 praeire

84 2337 119 2390 et
159 2324 331 2391 obstantia
364 2326 525 2390 silvarum
555 2325 687 2391 amoliri
731 2326 878 2393 iubetur:
916 2327 1067 2412 legiones

83 2427 220 2494 modico
243 2428 423 2494 intervallo
447 2439 639 2514 sequuntur.
678 2430 764 2495 iuvit
795 2452 865 2495 nox
895 2430 1065 2496 sideribus

85 2532 252 2615 inlustris,
274 2543 476 2619 ventumque
500 2533 545 2598 01
560 2535 654 2598 vicos
671 2533 859 2599 Marsorum
877 2545 910 2600 et
926 2535 1066 2600 circum·
1095 2551 1119 2591 1⁵

85 2635 190 2701 datae
214 2637 378 2702 stationes
403 2638 520 2702 stratis
545 2639 648 2702 etiam
671 2644 740 2704 tum
763 2661 822 2724 per
844 2638 970 2704 cubilia
992 2660 1067 2723 pro·

84 2753 226 2827 pterque
247 2763 394 2824 mensas,
417 2726 520 2806 nullo*
536 2751 637 2826 metu,
666 2764 735 2807 non
758 2744 958 2829 antepositis
981 2742 1067 2826 vigi-

84 2845 158 2910 liis:
182 2844 268 2909 adeo
284 2855 408 2910 ounota
432 2846 562 2909 incuria
580 2844 723 2912 disiecta
742 2857 843 2912 erent.
861 2869 969 2934 neque
984 2844 1068 2911 belli

85 2952 202 3032 timor,
225 2968 265 3012 ac
287 2969 331 3012 ne
352 2971 421 3034 pax
444 2948 579 3035 quidem
607 2951 675 3015 nisi
697 2949 862 3034 languida
891 2961 925 3017 et
956 2949 1066 3016 soluta

86 3055 177 3119 inter
199 3054 410 3124 temulentos.
754 3091 756 3098 ‚
1093 3072 1118 3110 20

191 3155 243 3221 51.
266 3154 395 3222 Caesar
417 3157 538 3223 avidas
561 3157 723 3243 legiones,
752 3181 816 3246 quo
840 3159 942 3225 101101
963 3180 1065 3244 popu·
1104 3217 1108 3226 .

86 3259 169 3325 latio
204 3259 305 3344 foret,
340 3270 498 3346 quattuor
537 3262 571 3325 in
605 3283 728 3326 euneos
764 3261 937 3348 dispertit,
970 3263 1064 3348 quin-

87 3364 252 3450 quaginta
284 3361 415 3428 milium
449 3365 595 3448 spatium
628 3365 716 3430 ferro
750 3365 959 3451 flammisque
991 3387 1065 3449 per-

85 3477 213 3533 vastat.
236 3489 303 3531 non
320 3489 433 3551 sexus,
455 3489 524 3532 non
547 3477 643 3534 actes
659 3469 910 3534 miserationem
932 3465 1048 3534 attulit
1056 3491 1068 3534 z.

87 3571 228 3656 profana
252 3569 349 3635 simul
374 3580 407 3635 et
430 3592 528 3635 saera
559 3581 592 3635 et
615 3570 866 3638 celeberrimum
891 3571 960 3636 illis
984 3592 1063 3655 gen·
1092 3589 1105 3628 ⁵

998 3705 1031 3757 311
