2530 4084
286 317 332 368 AB
351 313 513 368 EXCESSU
532 311 689 368 AUGUSTI
708 311 756 366 111.
776 317 884 368 10-12.
1011 315 1068 382 117

86 514 288 591 asperasset
317 507 471 572 iuvenem
502 509 661 594 exituque
691 510 763 572 eius
791 509 938 573 laetatus
969 520 1069 595 esset,

85 631 135 674 an
160 610 289 675 scelere
313 611 545 695 exstinxisset,
569 612 711 696 integris
735 613 855 677 animis
881 611 1069 678 diiudican-

88 712 183 776 dum.
206 710 299 778 ‘nam
329 715 355 778 si
386 713 519 798 legatus
544 714 645 779 officii
667 717 844 799 terminos,
874 715 1069 801 obsequium

87 837 176 900 erga
192 818 426 901 imperatorem
451 819 543 882 exuit
561 817 775 903 eiusdemque
797 827 903 882 morte
927 829 960 884 et
975 819 1070 884 luctu

86 941 166 985 meo
189 919 338 986 laetatus
363 931 424 1006 est,
449 922 550 987 odero
575 944 799 1008 seponamque
829 945 849 988 a
874 922 970 987 domo
993 945 1068 989 mea
1097 946 1122 984 ιο

87 1033 125 1089 11
148 1025 302 1109 privatas
331 1026 528 1092 inimicitias
557 1048 624 1091 non
652 1028 687 1090 vi
712 1028 876 1112 principis
905 1025 1068 1092 ulciscar:

88 1129 145 1192 sin
169 1127 301 1193 facinus
325 1130 361 1193 11
385 1131 622 1215 cuiuscumque
637 1128 831 1194 mortalium
852 1151 935 1194 noce
957 1130 1067 1196 vindi-

87 1231 238 1298 candum
269 1232 455 1317 detegitur,
478 1253 537 1297 vos
561 1253 639 1298 vero
664 1242 697 1298 et
726 1232 851 1297 liberos
875 1231 1069 1299 Germanici

89 1345 123 1400 et
147 1357 210 1400 nos
232 1345 390 1422 parentes
422 1338 520 1401 iustis
546 1336 681 1402 solaciis
713 1335 858 1401 adficite.
905 1337 1068 1425 simulque

88 1438 178 1504 illud
199 1449 363 1525 reputate,
385 1439 521 1505 turbide
544 1451 576 1504 et
602 1439 762 1504 seditiose
785 1443 986 1505 tractaverit
1011 1465 1068 1506 ex·
1097 1463 1120 1502 rs

90 1544 218 1607 orcitus
242 1543 337 1628 Piso,
361 1546 515 1630 quaesita
540 1543 606 1607 sint
630 1565 690 1630 per
713 1544 931 1609 ambitionem
955 1545 1069 1611 studia

88 1644 252 1729 militum,
273 1647 388 1712 -armis
411 1647 557 1732 repetita
579 1648 772 1732 provincia,
796 1671 840 1712 an
869 1646 957 1714 falsa
985 1649 1069 1715 haec
1106 1663 1110 1670 “

88 1751 124 1814 11
159 1752 269 1815 maius
303 1751 519 1835 vulgaverint
561 1761 792 1835 accusatores,
827 1773 965 1837 quorum
1006 1775 1068 1837 ego

87 1855 205 1918 nimiis
231 1853 352 1919 studiis
377 1856 449 1920 iure
474 1877 665 1920 suscensco
709 1877 788 1920 nam
811 1877 875 1940 quo
905 1858 1067 1940 pertinuit

87 1955 221 2020 nudare
245 1977 364 2042 corpus
389 1965 421 2022 et
444 1956 723 2022 contrectandum
744 1957 840 2042 vulgi
867 1958 972 2024 oculis
994 1983 1068 2046 per·
1096 1979 1121 2018 ao

87 2063 225 2125 mittere
255 2060 446 2147 differrique
475 2063 577 2126 ctiam
604 2083 664 2146 per
693 2069 867 2144 externos,
897 2071 1069 2150 tamquam

86 2185 220 2228 veneno
245 2166 449 2250 interceptus
474 2172 580 2248 essct,
605 2165 633 2227 si
657 2166 787 2229 incerta
811 2163 920 2229 adhuc
945 2167 1012 2231 ista
1036 2178 1069 2232 et

89 2267 278 2333 scrutanda
303 2268 403 2332 sunt?
427 2267 531 2332 defleo
556 2266 711 2353 equidem
732 2267 838 2332 filium
852 2289 961 2333 meum
985 2293 1068 2335 scm-

87 2393 216 2458 perque
241 2371 383 2437 deflebo:
408 2371 468 2436 sed
490 2393 598 2456 neque
620 2393 714 2435 reum
735 2369 897 2457 prohibeo
921 2395 984 2459 quo
1008 2375 1067 2439 mi·

86 2497 152 2540 nus
178 2484 302 2540 cuncta
324 2476 489 2561 proferat,
521 2474 640 2561 quibus
665 2475 860 2540 innocentia
889 2476 959 2541 eius
991 2476 1068 2542 sub·
1096 2495 1121 2535 ss

88 2578 199 2644 levari
222 2587 291 2663 aut,
315 2581 425 2664 siqua
441 2579 504 2643 fuit
521 2580 682 2664 iniquitas
700 2576 906 2661 Germanici,
929 2582 1069 2664 coargui

87 2683 209 2767 possit,
232 2704 357 2769 vosque
388 2705 445 2748 oro
468 2705 527 2766 ne,
550 2683 629 2767 quia
653 2681 760 2747 dolori
788 2703 862 2746 meo
886 2703 991 2747 causa
1015 2705 1068 2748 1ο-

88 2809 181 2851 nexa
197 2795 259 2871 est,
277 2785 410 2852 obiecta
427 2787 569 2852 crimina
585 2808 646 2871 pro
662 2784 861 2871 adprobatis
878 2787 1068 2872 accipiatis

90 2892 119 2954 si
142 2912 227 2977 quos
249 2892 454 2977 propinquus
480 2892 618 2974 sanguis
643 2899 699 2955 aut
722 2889 805 2954 fides
823 2911 884 2954 sua
907 2899 1067 2974 patronos

90 2993 203 3077 dedit,
233 3003 394 3080 quantum
423 2997 564 3082 quisque
588 2994 779 3080 eloquentia
803 3001 835 3056 et
860 3015 941 3058 cura
964 2992 1067 3077 valet,
1094 3005 1120 3044 ³⁰

89 3099 207 3163 iuvate
220 3098 486 3182 periclitantem:
511 3098 555 3163 ad
579 3097 720 3163 eundem
743 3095 903 3179 laborem,
927 3097 1068 3162 eandem

89 3203 320 3267 constantiam
344 3212 561 3268 accusatores
585 3202 709 3266 hortor.
739 3200 775 3265 id
799 3199 906 3266 solum
930 3197 1067 3265 Germa-

88 3307 167 3370 nico
202 3327 302 3394 super
336 3305 427 3390 leges
460 3306 745 3391 praestiterimus,
779 3304 869 3390 quod
903 3306 937 3368 in
973 3307 1067 3370 curia

88 3408 201 3495 potius
230 3430 329 3495 quam
358 3411 392 3474 in
420 3409 507 3493 foro,
544 3407 633 3495 apud
667 3416 820 3473 senatum
849 3428 948 3493 quam
978 3408 1068 3493 apud

90 3513 220 3578 iudices
246 3513 287 3578 de
308 3522 415 3580 morte
439 3514 508 3578 eius
533 3512 739 3599 anquiritur:
763 3520 879 3578 cetera
901 3513 976 3597 pari
998 3532 1066 3575 mo·
1093 3522 1119 3562 ³⁵

92 3616 202 3681 destia
243 3626 443 3683 tractentur.
488 3638 583 3682 nemo
622 3615 727 3681 Drusi
760 3614 937 3698 lacrimas,
969 3633 1067 3677 nemo
