2552 4084
289 295 334 344 AB
353 291 517 344 EXCESSU
536 289 693 342 AUGUSTI
710 289 746 338 ΙΙ.
765 291 841 341 6-9.
1008 286 1046 351 ssl

60 509 147 553 cum
171 484 365 570 legionibus
390 475 601 569 decucurrit3
622 481 787 550 tumulum
809 482 934 546 iterare
956 478 1050 544 haud

60 594 192 658 visum.
239 600 273 655 ct
307 597 429 655 cuncta
463 589 553 655 inter
586 586 764 654 castellum
800 584 975 652 Alisonem
1008 603 1049 648 ac

61 695 224 761 Rhenum
250 695 347 758 novis
374 691 539 757 limitibus
568 690 816 776 aggeribusque
848 687 1049 775 permunita.

174 794 206 860 8.
228 791 366 881 lamque
389 795 510 860 classis
535 795 737 877 advenerat,
766 816 842 858 cum
864 793 1048 878 praemisso

64 907 261 966 commeatu
291 910 325 965 et
349 897 538 963 distributis
562 899 597 963 in
619 897 770 983 legiones
794 919 835 961 ac
859 898 967 962 socios
990 917 1049 960 na-

64 1003 170 1069 vibus
195 1003 331 1086 fossam,
354 1005 408 1067 cui
423 1002 616 1067 Drusianae
631 1023 763 1085 nomen,
786 1002 959 1084 ingressus
975 1021 1049 1085 pre-

66 1116 236 1192 catusque
250 1104 398 1170 Drusum
412 1114 554 1191 patrem,
568 1114 606 1170 ut
623 1128 658 1170 se
674 1105 793 1171 cadem
806 1127 925 1169 ausum
940 1102 1049 1168 libans

66 1209 296 1295 placatusque
312 1207 465 1294 exemplo
482 1231 522 1273 ac
538 1211 699 1275 memoria
715 1207 931 1274 consiliorum
947 1216 1048 1292 atque
1075 1222 1087 1261 ⁵

68 1335 210 1399 operum
232 1313 374 1395 iuvaret,
399 1313 492 1378 lacus
517 1313 596 1379 inde
619 1323 652 1378 et
676 1312 849 1378 Oceanum
877 1331 982 1397 usque
1006 1309 1051 1374 ad

68 1415 240 1481 Amisiam
267 1415 388 1481 flumen
417 1417 565 1482 secunda
594 1418 814 1502 navigatione
846 1414 1050 1501 pervehitur.

71 1519 196 1584 classis
220 1518 370 1585 Amisiae
395 1542 451 1586 ore
473 1520 595 1586 relicta
617 1519 716 1586 laevo
740 1542 853 1603 amne,
889 1526 1050 1584 erratum·

70 1647 137 1710 que
160 1626 196 1689 in
220 1645 269 1708 eo,
293 1623 382 1711 quod
404 1647 471 1691 non
495 1623 653 1690 subvexit
677 1635 736 1690 aut
757 1624 968 1710 transposuit
990 1623 1050 1687 mi-

69 1729 168 1794 litem
204 1727 341 1793 dextras
373 1730 408 1793 in
436 1739 544 1794 terras
578 1731 717 1813 iturum3
750 1729 799 1795 ita
832 1727 945 1813 plures
976 1727 1047 1793 dies
1076 1752 1101 1791 ro

71 1830 260 1897 efficiendis
284 1831 443 1917 pontibus
468 1831 646 1918 absumpti.
671 1843 705 1899 et
728 1854 827 1919 eques
852 1832 987 1918 quidem
1010 1853 1050 1895 ac

70 1935 224 2018 legiones
236 1937 344 2020 prima
356 1938 537 2018 aestuaria,
554 1936 702 2007 nondum
714 1936 936 2003 adcrescente
949 1935 1051 2017 unda,

71 2038 237 2125 intrepidi
261 2041 441 2105 transiere:
464 2050 668 2126 postremum
697 2041 902 2106 auxiliorum
930 2059 1052 2123 agmen

71 2141 266 2228 Batavique
282 2144 316 2207 in
330 2153 428 2228 parte
445 2167 495 2229 ea,
520 2144 599 2210 dum
621 2145 788 2210 insultant
811 2145 907 2232 aquis
931 2151 1051 2208 artem·

74 2267 139 2331 que
173 2244 280 2311 nandi
314 2256 502 2331 ostentant,
536 2247 666 2314 turbati
700 2258 733 2314 et
767 2248 904 2335 quidam
937 2247 1101 2312 haustis

73 2358 164 2414 sunt.
208 2353 350 2416 metanti
378 2362 493 2417 castra
516 2350 656 2419 Caesari
678 2352 968 2439 Ampsivariorum
997 2351 1052 2417 de-

71 2452 178 2518 fectio
207 2476 229 2518 a
257 2463 353 2539 tergo
384 2456 575 2522 nuntiatur:
609 2458 731 2521 missus
761 2456 839 2521 ilico
870 2454 1052 2522 Stertinius

73 2579 151 2622 cum
174 2557 286 2642 equite
309 2567 343 2624 et
358 2569 530 2624 armatura
553 2559 621 2624 levi
644 2561 722 2644 igne
745 2569 779 2624 et
795 2559 956 2625 caedibus
978 2580 1052 2646 per·

73 2657 193 2724 fidiam
215 2658 306 2726 ultus
330 2672 391 2728 est.

178 2760 209 2826 9.
243 2763 385 2831 Flumen
407 2766 564 2852 Visurgis
602 2768 771 2833 Romanos
795 2766 1052 2854 Cheruscosque

74 2864 302 2933 interfluebat.
347 2871 419 2934 eius
443 2871 478 2934 in
507 2871 582 2956 ripa
606 2893 682 2936 cum
704 2873 827 2937 ceteris
850 2869 1053 2958 primoribus

73 2968 246 3034 Arminius
270 2972 414 3056 adstitit,
439 2975 658 3062 quaesitoque
681 2997 725 3040 an
742 2973 870 3042 ansar
892 2977 1053 3059 venisset,

73 3082 254 3160 postquam
288 3075 408 3142 adesse
442 3098 640 3164 responsum
669 3089 730 3163 est,
764 3089 802 3144 ut
830 3079 948 3145 liceret
977 3101 1054 3145 cum

74 3176 181 3242 fratre
204 3177 361 3264 conloqui
384 3182 503 3246 oravit.
549 3191 621 3246 erat
645 3182 732 3247 isin
755 3184 907 3250 exercitu
930 3200 1085 3266 cogno-⁵

74 3288 189 3344 mento
212 3279 358 3366 Flavus,
387 3283 531 3368 insignis
554 3285 621 3350 fide
645 3295 677 3350 et
701 3288 825 3352 amisso
848 3308 909 3372 per
931 3285 1052 3351 vulnus

75 3382 172 3449 oculo
201 3387 318 3470 paucis
353 3395 433 3452 ante
456 3390 555 3453 annis
580 3388 665 3454 duce
688 3388 836 3456 Tiberio.
880 3399 951 3455 tum
979 3411 1053 3475 per·

75 3488 181 3552 missu
203 3488 416 3574 imperatoris
448 3490 626 3558 deducitur
656 3514 677 3557 a
700 3491 863 3559 Stertinio
897 3513 1054 3580 progres-

78 3611 201 3677 susque
224 3589 393 3659 salutatur
421 3592 464 3658 ab
487 3592 659 3678 Armini03
688 3597 745 3682 qui
768 3595 890 3662 amotis
915 3596 1053 3681 stipato·
