2534 4084
280 271 327 322 AB
345 271 509 322 EXCESSU
530 269 688 321 AUGUSTI
707 269 729 318 Ι.
747 267 857 319 35-38.
1016 263 1066 327 27

61 465 249 530 auctorari
279 464 335 550 qui
365 484 446 528 sena
470 461 556 526 dena
579 461 740 526 fecissent
769 481 810 523 ac
834 455 972 523 retineri
995 453 1057 520 sub

62 566 203 634 vexillo
228 577 415 632 ceterorum
437 567 588 630 inmunes
612 566 679 629 nisi
694 559 915 649 propulsandi
937 559 1055 642 hostis,
1084 573 1109 615 1⁵

63 670 193 755 legata
217 691 302 756 quae
324 670 514 754 petiverant
538 666 669 732 exsolvi
693 665 934 750 duplicarique.

180 772 232 836 37.
256 771 370 838 Sensit
386 770 481 837 miles
505 773 540 837 in
557 781 687 856 tempus
704 770 850 834 conficta
875 769 1057 854 statimque

65 877 258 960 flagitavit.
281 878 397 941 missio
421 898 481 960 per
503 875 656 939 tribunos
686 881 887 955 maturatur,
917 871 1055 954 largitio

68 979 297 1045 differebatur
325 981 358 1044 in
387 976 530 1044 hiberna
561 979 731 1063 cuiusque.
761 998 829 1040 uon
859 975 1055 1040 abscessere

65 1084 231 1170 quintani
246 1083 624 1167 unetvicensimanique‚
650 1079 756 1144 donec
780 1079 887 1146 isdem
903 1081 937 1144 in
954 1081 1053 1144 aesti-

64 1189 123 1250 vis
148 1194 328 1250 contracta
352 1207 395 1250 ex
416 1186 542 1249 viatico
566 1186 749 1249 amicorum
778 1184 949 1269 ipsiusque
971 1180 1054 1247 Cae·
1082 1206 1095 1246 5

70 1292 165 1354 saris
181 1290 326 1375 pecunia
341 1287 597 1373 persolveretur.
621 1289 763 1372 primam
779 1309 820 1351 ac
836 1288 1056 1351 vicensimam

68 1393 227 1476 legiones
261 1389 409 1456 Caecina
442 1389 575 1474 legatus
610 1392 645 1454 in
686 1391 860 1454 civitatem
892 1389 1056 1456 Ubiorum

69 1496 228 1578 reduxit,
252 1496 342 1580 turpi
379 1496 529 1578 agmine,
558 1515 634 1557 cum
670 1493 744 1557 fisci
775 1491 816 1557 de
854 1494 1055 1578 imperatore

70 1601 165 1684 rapti
187 1601 276 1664 inter
299 1599 397 1682 signa
421 1600 573 1682 interque
589 1595 720 1683 aquilas
736 1596 947 1662 veherentur.
973 1593 1054 1660 Ger-

70 1703 229 1766 manicus
246 1703 450 1786 superiorem
473 1699 519 1764 ad
535 1701 719 1764 exercitum
742 1700 911 1786 profectus
937 1722 1053 1764 secun·
1082 1723 1107 1763 ιο

73 1804 157 1870 dam
193 1815 228 1869 et
261 1805 396 1870 tertiam
437 1803 612 1868 decumam
645 1814 679 1869 et
713 1815 846 1868 sextam
881 1802 1055 1868 decumam

73 1909 230 1994 legiones
246 1907 331 1973 nihil
347 1917 524 1974 cunctatas
538 1918 750 1974 sacramento
775 1909 894 1992 adigit.
919 1915 1054 1992 quarta-

74 2013 255 2078 decumani
277 2010 413 2097 paulum
437 2010 692 2077 dubitaverant:
716 2012 858 2096 pecunia
883 2018 915 2075 et
938 2011 1054 2075 missio

72 2117 228 2204 quamvis
251 2137 318 2179 non
340 2113 574 2197 flagitantibus
599 2113 714 2179 oblata
738 2125 798 2179 est.

177 2216 229 2282 38.
247 2216 294 2282 At
309 2219 343 2281 in
360 2214 506 2281 Chaucis
524 2227 726 2302 coeptavere
742 2216 942 2284 seditionem
956 2242 1052 2304 prac-

74 2321 199 2388 sidium
221 2323 391 2404 agitantes
408 2319 579 2384 vexillarii
601 2319 807 2386 discordium
829 2319 999 2405 legionum
1021 2334 1054 2389 et

74 2425 248 2510 praesenti
279 2423 417 2488 duorum
456 2422 598 2487 militum
639 2422 803 2509 supplicio
839 2424 975 2509 paulum
1003 2449 1053 2491 re-

74 2529 182 2614 pressi
199 2537 285 2591 sunt.
310 2528 454 2590 iusserat
471 2526 506 2590 id
521 2525 576 2590 Μ’.
600 2526 729 2592 Ennius
747 2537 935 2593 castrorum
957 2552 1052 2614 prae*

74 2633 202 2713 fectus,
230 2629 318 2695 bono
341 2631 450 2714 magis
481 2628 632 2716 exemplo
657 2653 757 2717 quam
785 2652 947 2697 concesso
972 2635 1051 2700 iure.
1079 2654 1092 2693 ⁵

77 2732 199 2799 deinde
228 2734 472 2797 intumescente
507 2743 599 2798 motu
632 2733 793 2819 profugus
822 2746 1051 2824 repertusque,

76 2848 252 2923 postquam
275 2837 405 2901 intutae
427 2834 589 2920 latebrae,
612 2836 817 2921 praesidium
841 2837 884 2903 ab
908 2839 1053 2907 audacia

77 2950 260 3005 mutuatur:
285 2960 353 3003 non
368 2939 576 3024 praefectum
598 2939 642 3004 ab
659 2941 711 3024 iis,
737 2939 797 3005 sed
813 2939 1051 3011 Germanicum

80 3044 206 3126 ducem,
236 3043 297 3108 sed
323 3041 496 3108 Tiberium
530 3044 764 3130 imperatorem
791 3045 923 3112 violari.
954 3048 1052 3114 simul

80 3148 247 3213 exterritis
270 3147 327 3232 qui
350 3144 570 3230 obstiterant,
592 3156 726 3232 raptum
747 3147 910 3214 vexillum
933 3149 978 3215 ad
1006 3153 1049 3215 ri·
1078 3169 1103 3209 ιο

79 3273 153 3336 pam
175 3251 287 3332 vertit,
312 3259 346 3314 et
369 3251 398 3314 si
421 3250 495 3335 quis
518 3252 653 3333 agmine
677 3250 889 3336 decessisset,
911 3276 971 3338 pro
996 3252 1051 3318 de-

81 3364 203 3420 sertore
226 3353 297 3418 fore
319 3351 516 3438 clamitans,
540 3353 676 3419 reduxit
710 3357 749 3420 iu
778 3355 919 3422 hiberna
948 3356 1051 3421 turbi-

82 3457 138 3523 dos
162 3467 195 3522 et
217 3453 302 3522 nihil
326 3477 436 3521 ausos.
