2500 4084
240 393 286 446 AB
306 393 471 448 EXOESSU
489 391 654 448 Aucusm'
667 391 712 448 VI.
731 397 841 447 36-39.
962 395 1025 461 243

39 571 275 675 ᾳιιὲριιὶοὴτι
298 590 497 671 meminerit,
521 588 608 673 illos,
632 589 828 676 obsequium
851 590 886 653 in
901 609 1025 672 regem,

38 693 274 757 reverentiam
297 693 331 757 in
354 715 432 776 nos,
464 692 566 757 decus
590 694 730 780 quisque
754 715 849 760 suum
872 703 905 758 et
926 691 1027 757 fidem

39 797 244 861 retinerent.
290 798 379 861 exim
413 817 488 861 cum
517 794 707 880 legionibus
741 799 776 861 in
811 796 944 862 Suriam
976 819 1026 860 re-

39 900 185 963 meavit.
1052 913 1078 952 ³0

153 1001 204 1066 38.
228 1003 323 1085 Quae
353 1003 482 1070 duabus
512 1004 700 1070 aestatibus
731 1014 829 1088 gesta
856 1002 1028 1085 coniunxi,

43 1127 113 1190 quo
138 1107 365 1192 requiesceret
388 1109 519 1174 animus
548 1131 569 1173 a
594 1108 788 1174 domesticis
816 1106 933 1190 malis3
960 1129 1028 1172 non

43 1209 140 1272 enim
163 1208 351 1295 Tiberium,
387 1233 588 1298 quamquam
615 1213 761 1278 triennio
789 1220 867 1298 post
890 1210 1029 1276 caedem

44 1310 176 1397 Seiani,
200 1334 286 1399 quae
309 1325 438 1381 ceteros
461 1315 592 1382 mollire
617 1316 736 1400 solent,
758 1326 889 1402 tempus
911 1337 1028 1400 preces

43 1419 157 1482 satias
180 1418 401 1503 mitigabant,
436 1422 516 1506 quin
551 1422 682 1486 incerta
715 1419 771 1485 vel
805 1418 935 1485 abolita
968 1440 1028 1504 pro
1055 1432 1068 1472 5

43 1522 260 1603 gravissimis
286 1533 320 1589 et
342 1524 535 1589 recentibus
558 1526 703 1611 puniret.
743 1545 781 1589 eo
804 1533 896 1589 metu
915 1521 1028 1587 Fulci-

42 1626 125 1689 nius
148 1624 243 1711 Trio,
267 1629 455 1712 ingruentis
479 1639 695 1694 accusatores
725 1627 816 1694 haud
839 1648 1028 1713 perpessus,

44 1731 213 1814 supremis
248 1730 375 1796 tabulis
408 1731 514 1797 multa
549 1743 583 1798 et
611 1734 742 1798 atrocia
771 1733 806 1796 in
834 1731 1028 1796 Macronem

44 1854 89 1897 ac
111 1834 312 1919 praecipuos
334 1833 532 1900 libertorum
555 1833 713 1901 Caesaris
737 1836 929 1922 conposuit,
964 1834 1029 1918 ipsi

42 1937 174 2002 fluxam
204 1939 297 2002 senio
326 1947 472 2004 mentem
505 1948 538 2004 et
562 1941 721 2028 continuo
751 1938 915 2004 abscessu
936 1936 1029 2002 velut
1057 1950 1082 1990 10

46 2039 207 2106 exsilium
230 2041 444 2108 oblectando.
477 2062 566 2128 quae
589 2042 631 2108 ab
655 2041 835 2107 heredibus
859 2039 1042 2132 occultata

44 2145 188 2209 recitari
211 2143 366 2209 Tiberius
390 2145 504 2227 iussit,
534 2147 736 2230 patientiam
759 2143 929 2209 libertatis
953 2142 1031 2208 alie-

44 2269 114 2312 nae
148 2256 322 2312 ostentans
358 2258 391 2313 et
424 2257 634 2334 contemptor
668 2270 749 2313 suae
777 2249 952 2332 infamiae,
986 2269 1030 2311 an

47 2349 215 2416 scelerum
245 2348 359 2415 Seiani
395 2350 452 2416 diu
485 2353 620 2417 nescius
654 2373 733 2418 mox
767 2373 898 2438 quoquo
932 2350 1030 2416 modo

49 2455 144 2519 dicta
171 2453 307 2538 vulgari
336 2454 486 2521 malebat
513 2454 751 2542 veritatisque,
786 2457 842 2520 cui
877 2454 1029 2520 adulatio
1058 2467 1082 2508 1⁵

48 2559 167 2643 officit,
189 2581 250 2645 per
270 2557 395 2645 probra
420 2558 539 2624 saltem
563 2579 689 2643 gnarus
718 2560 802 2624 fieri.
830 2558 938 2623 isdem
963 2557 1031 2622 die·

46 2663 112 2728 bus
153 2660 301 2728 Granius
337 2661 535 2728 Marcianus
574 2673 722 2748 senator,
757 2687 778 2728 a
801 2661 838 2729 O.
875 2658 1030 2725 Graccho

48 2768 242 2832 maiestatis
266 2766 473 2853 postulatus,
496 2769 566 2832 vim
588 2768 681 2832 vitae
705 2790 787 2832 suae
810 2765 942 2850 attulit,
966 2765 1031 2829 Ta-

49 2872 187 2956 riusque
221 2868 407 2938 Gratianus
440 2880 601 2958 praetura
634 2872 771 2938 functus
805 2869 880 2956 lege
914 2869 1032 2936 eadem

50 2985 240 3040 extremum
263 2974 308 3040 ad
332 2974 533 3060 supplicium
556 2975 746 3040 damnatus.
1058 2989 1083 3030 2⁰

154 3076 205 3142 39.
234 3078 304 3143 Nec
341 3077 493 3164 dispares
524 3077 716 3144 Trebelleni
745 3079 820 3144 Rufi
855 3087 888 3143 et
923 3075 1031 3142 Sextii

51 3183 238 3248 Paconiani
262 3183 391 3247 exitus:
415 3205 495 3248 nam
517 3181 738 3248 Trebellenus
770 3205 831 3246 sua
854 3203 957 3247 manu
978 3201 1031 3244 ce·

53 3286 147 3369 cidit,
173 3286 386 3351 Paconianus
418 3288 452 3351 in
475 3309 612 3353 earcere
641 3286 683 3352 ob
713 3288 864 3351 carmina
898 3284 968 3349 illic
988 3285 1031 3370 in

54 3391 239 3477 principem
261 3390 420 3456 factitata
436 3389 668 3474 strangulatus
692 3399 753 3455 est.
776 3389 860 3454 haec
876 3387 1031 3453 Tiberius

53 3515 119 3558 non
142 3495 245 3577 mari,
268 3503 305 3559 ut
329 3493 423 3579 olim,
459 3494 588 3559 divisus
618 3515 726 3580 neque
747 3513 807 3578 per
829 3491 1029 3576 longinquos
1059 3509 1072 3548 5

54 3599 189 3664 nuntios
214 3597 415 3684 accipiebat,
440 3596 500 3662 sed
515 3596 631 3663 urbem
653 3598 760 3678 iuxta,
784 3594 901 3662 eodem
922 3603 959 3660 nt
976 3593 1031 3659 die

55 3699 109 3764 vel
131 3701 243 3765 noctis
267 3702 447 3768 interiectu
470 3699 592 3766 litteris
617 3699 791 3765 consulum
819 3699 1030 3783 rescriberet,

930 3837 980 3890 le*
