2500 4084
210 317 274 383 220
537 312 712 365 oosnnnn
730 311 852 364 mour

208 507 415 576 instantibus
440 505 484 573 ad
507 507 743 592 imperatorem
764 505 975 590 provocavit.
998 524 1059 569 nec
1082 504 1182 571 multo
1223 557 1224 576 ,

208 623 286 699 post
307 611 442 677 litterae
465 609 681 692 adferuntur,
716 606 836 694 quibus
859 609 894 674 in
916 607 1052 674 modum
1076 608 1184 674 defen·

210 718 332 799 sionis,
367 715 510 801 repetito
539 715 629 778 inter
657 735 693 777 se
723 722 824 798 atque
853 710 989 777 Cottam
1019 715 1184 778 amicitiae

209 819 375 905 principio
392 817 586 903 crebrisque
611 818 682 881 eius
707 815 828 881 officiis
845 819 1120 900 commemoratis,
1141 841 1185 882 nc
1224 863 1225 904 ,

158 953 183 993 15
212 922 315 988 verba
344 944 449 1008 prave
478 921 612 986 detorta
641 942 708 984 neu
736 918 964 985 convivalium
997 918 1183 986 fabularum

209 1025 408 1112 simplicitas
432 1026 467 1089 in
490 1026 616 1089 crimen
640 1022 819 1089 duceretur
842 1023 1037 1109 postulavit.

311 1127 340 1192 6.
364 1128 502 1212 Insigne
525 1130 635 1193 visum
659 1136 709 1192 cst
733 1149 848 1192 earum
870 1123 1027 1191 Caesaris
1058 1127 1182 1194 littera·
1225 1143 1226 1158 ¹

208 1254 281 1297 rum
311 1233 458 1312 initium3
495 1253 573 1296 nam
602 1228 655 1294 his
678 1229 792 1295 verbis
823 1252 961 1295 exorsus
985 1241 1054 1297 est:
1093 1229 1183 1317 ‘quid

210 1335 358 1401 scribam
386 1333 502 1417 vobis,
536 1344 652 1420 patres
675 1335 875 1419 conscripti,
910 1345 969 1399 aut
997 1357 1061 1421 quo
1090 1336 1182 1401 modo

209 1438 357 1506 scribam
391 1449 448 1504 aut
484 1439 564 1525 quid
598 1440 732 1505 omnino
755 1461 822 1504 non
847 1437 994 1503 scribam
1020 1438 1083 1504 boc
1106 1449 1182 1504 tem·
1226 1451 1227 1456 ’

170 1574 183 1613 ⁵
209 1565 305 1631 pore,
336 1543 371 1607 di
399 1565 451 1607 me
475 1542 623 1629 deaeque
646 1544 742 1627 peius
765 1542 926 1628 perdant,
956 1565 1057 1628 quam
1078 1546 1183 1630 perire

209 1671 261 1713 me
284 1645 410 1711 cotidie
440 1647 564 1729 sentio,
596 1648 624 1710 si
653 1641 742 1712 scio.’
790 1644 875 1711 adeo
905 1646 1059 1712 facinora
1086 1655 1181 1732 atquc

208 1751 340 1834 flagitia
372 1773 432 1814 sua
463 1751 527 1835 ipsi
557 1772 687 1837 quoque
716 1751 751 1814 in
781 1747 982 1835 supplicium
1004 1759 1181 1814 verterant.
1227 1729 1228 1750 ³

208 1877 316 1942 neque
339 1854 465 1918 frustra
494 1856 806 1939 praestantissimus
839 1855 1027 1939 sapientiae
1055 1854 1181 1918 firmare

210 1957 329 2023 solitus
367 1969 434 2038 est,
475 1959 501 2022 si
535 1954 755 2023 recludantur
788 1966 1009 2043 tyrannorum
1048 1967 1182 2038 mentes,

159 2091 183 2129 ro
209 2083 309 2147 posse
332 2062 440 2146 aspici
464 2061 613 2126 laniatus
638 2068 672 2124 et
696 2062 798 2143 ictus,
828 2060 963 2146 quando
987 2071 1024 2126 ut
1048 2083 1181 2147 corpora
1228 2055 1229 2060 ’

209 2163 422 2247 verberibus,
446 2165 494 2228 ita
519 2165 679 2245 saevitia,
713 2162 871 2247 libidine,
894 2164 992 2229 malis
1024 2166 1182 2230 consultis

210 2270 339 2334 animus
364 2268 578 2358 dilaceretur.
603 2268 724 2353 quippe
747 2266 919 2333 Tiberium
946 2289 1014 2332 non
1043 2268 1182 2348 fortuna,

209 2394 275 2437 non
300 2371 499 2437 solitudines
522 2370 757 2458 protegebant,
781 2372 860 2456 quin
883 2380 1052 2436 tormenta
1075 2383 1181 2457 pecto·

209 2477 256 2541 ris
281 2497 426 2560 suasque
449 2475 521 2561 ipse
544 2496 670 2560 poenas
694 2474 868 2539 fateretur.

314 2577 342 2641 7.
366 2578 450 2644 Tum
472 2580 565 2644 facta
587 2577 741 2664 patribus
764 2587 933 2664 potestate
959 2578 1132 2644 statuendi
1148 2577 1181 2642 de

209 2681 246 2748 C.
286 2679 482 2747 Caeciliano
524 2691 696 2762 senatore,
737 2683 794 2766 qui
827 2681 972 2766 plurima
1007 2680 1181 2748 adversum

209 2783 345 2850 Cottam
368 2794 594 2869 prompserat,
618 2783 781 2870 placitum
804 2784 945 2849 eandem
973 2805 1119 2869 poenam
1142 2787 1181 2849 in-

209 2889 324 2972 rogari
347 2909 447 2973 quam
471 2889 505 2952 in
528 2886 707 2954 Aruseium
731 2897 764 2950 et
787 2884 1024 2972 Sanquinium,
1048 2910 1180 2954 accusa·

170 3024 183 3062 s
210 3003 300 3057 tores
328 2991 369 3055 L.
396 2990 565 3057 Arruntii:
597 3013 661 3078 quo
688 3013 755 3055 non
791 2989 885 3055 aliud
912 2989 1179 3057 honorificentius

209 3094 330 3160 Cottae
354 3096 476 3176 evenit,
505 3097 562 3181 qui
583 3093 708 3160 nobilis
742 3093 893 3180 quidem,
928 3092 988 3159 sed
1020 3115 1126 3179 egens
1148 3091 1181 3158 ob

209 3197 343 3281 luxum,
366 3219 426 3282 per
447 3197 578 3280 flagitia
607 3197 757 3280 infamis,
787 3197 1012 3263 sanctissimis
1035 3197 1180 3265 Arruntii

210 3301 340 3368 artibus
365 3300 534 3383 dignitate
556 3300 696 3365 ultionis
719 3300 939 3385 aequabatur.

313 3401 354 3481 Q.
379 3400 545 3466 Servaeus
579 3402 721 3488 posthac
757 3413 790 3466 et
821 3402 989 3468 Minucius
1025 3403 1178 3470 Thermus

161 3533 186 3571 10
212 3503 341 3567 inducti
349 3549 358 3583 ,
393 3501 558 3568 Servaeus
591 3515 750 3590 praetura
783 3505 917 3571 functus
953 3515 986 3571 et
1020 3509 1179 3592 quondan

213 3599 405 3666 Germanici
428 3625 551 3687 comes,
573 3606 741 3672 Minucius
758 3609 905 3692 equestri
927 3607 1012 3692 loco,
1036 3609 1180 3676 modeste
