2500 4084
202 333 263 396 172
398 368 405 379 .
479 337 481 344 ·
528 329 701 382 conunnu
720 329 841 380 morri

197 521 397 586 adversatus
422 529 473 585 est
497 518 641 585 Caesar:
665 518 801 585 solitum
824 521 945 607 quippe
969 521 1192 604 magistrati-

196 625 259 689 bus
287 624 374 689 diem
396 625 539 710 privatis
564 623 695 689 dicere:
730 643 796 688 neo
826 622 1078 706 infringendum
1107 644 1194 688 con-

198 726 279 793 sulis
306 713 384 810 ius,
418 730 513 793 cuius
547 725 675 811 vigiliis
709 728 889 808 niteretur,
923 749 967 791 ne
1002 726 1096 814 quod
1135 749 1192 792 res

146 850 171 888 ¹⁰
197 830 334 919 publica
359 831 596 896 detrimentum
619 840 766 916 caperet.
788 832 959 916 proprium
984 829 1019 894 id
1043 829 1191 896 Tiberio

196 936 259 1001 fuit
285 934 414 1001 scelera
437 957 543 1020 nuper
566 944 701 1020 reperta
723 936 844 1019 priscis
868 934 982 999 verbis
1007 933 1190 1018 obtegere.

197 1041 300 1124 igitur
322 1037 428 1103 multa
452 1039 720 1120 adseveratione,
745 1039 841 1122 quasi
864 1046 921 1102 aut
944 1035 1079 1120 legibus
1107 1059 1190 1104 cum

198 1141 280 1207 Silio
304 1152 463 1225 ageretur
487 1151 545 1207 aut
559 1141 668 1206 Varro
692 1140 811 1206 consul
834 1150 894 1206 aut
917 1139 1004 1204 illud
1038 1163 1094 1207 res
1124 1164 1188 1228 pn-

196 1245 288 1312 blica
313 1255 418 1329 esset,
442 1255 609 1330 coguntur
637 1254 762 1331 patres.
802 1244 923 1310 silente
956 1267 1025 1326 reo,
1060 1244 1119 1309 vel
1158 1247 1188 1308 si

145 1365 178 1437 1⁵¹
198 1349 427 1414 defensionem
456 1358 646 1434 coeptaret,
681 1370 748 1413 non
779 1346 971 1413 occultante
1000 1350 1099 1414 cuius
1131 1350 1187 1412 ira

195 1463 412 1539 premeretur,
434 1453 644 1518 conscientia
660 1448 741 1516 belli
759 1449 917 1516 Sacrovir
942 1450 999 1515 diu
1024 1450 1185 1518 dissimu-

196 1557 296 1640 latus,
320 1558 465 1622 victoria
487 1579 547 1642 per
564 1557 745 1620 avaritiam
768 1553 905 1620 foedata
929 1564 962 1620 et
978 1577 1066 1621 uxor
1082 1555 1186 1621 Sosia

196 1660 435 1745 arguebantur.
480 1683 543 1725 nec
568 1658 669 1725 dubie
691 1657 951 1744 repetundarum
980 1659 1184 1725 criminibus

195 1764 392 1847 haerebant,
417 1763 477 1829 sed
500 1771 624 1830 cuncta
647 1763 844 1849 quaestione
866 1763 1059 1829 maiestatis
1085 1786 1184 1828 exer·

144 1885 169 1924 20
197 1871 277 1951 cita,
302 1878 334 1935 et
352 1867 454 1934 Silius
472 1869 699 1933 imminentem
717 1865 967 1931 damnationem
983 1865 1184 1933 voluntario

195 1974 261 2038 fine
282 1973 478 2058 praevertit.
867 1985 869 1989 '
926 1983 928 1988 '

298 2073 349 2142 20.
374 2075 548 2140 Saevitum
570 2083 684 2139 tamen
708 2075 741 2137 in
765 2072 871 2156 bona,
901 2095 968 2140 non
990 2085 1028 2140 ut
1055 2076 1183 2160 stipen-

197 2180 313 2245 diariis
337 2177 502 2264 pecuniae
518 2175 750 2259 redderentur,
775 2197 914 2262 quorum
935 2200 1032 2243 nemo
1049 2188 1182 2264 repete·

194 2284 264 2367 bat,
289 2283 348 2348 sed
365 2281 554 2348 liberalitas
570 2280 718 2365 Augusti
742 2278 872 2364 avulsa,
896 2283 1092 2367 conputatis
1114 2285 1182 2348 sin-

195 2387 342 2472 gillatim
365 2410 451 2474 quae
473 2388 555 2452 fisco
584 2385 797 2472 petebantur.
843 2408 884 2450 ea
906 2387 1017 2472 prima
1039 2385 1181 2453 Tiberio

156 2517 168 2556 5
196 2511 277 2575 erga
307 2493 484 2578 pecuniam
514 2490 660 2556 alienam
689 2489 868 2574 diligentia
897 2489 971 2556 fuit.
1018 2487 1121 2556 Sosia
1147 2493 1180 2556 in

195 2595 352 2660 exsilium
367 2593 504 2681 pellitur
519 2593 629 2659 Asinii
646 2591 739 2658 Galli
763 2595 942 2675 sententia,
966 2594 1023 2679 qui
1045 2605 1182 2680 partem

194 2698 358 2765 bonorum
380 2697 637 2784 publicandam,
668 2719 747 2782 pars
771 2705 808 2761 ut
830 2695 947 2761 liberis
971 2695 1181 2786 relinquere·

195 2812 249 2867 tur
272 2811 461 2868 censuerat.
500 2811 619 2867 contra
642 2797 699 2866 Μ’.
722 2800 872 2888 Lepidus
897 2811 1055 2887 quartam
1079 2824 1181 2871 accu-

195 2906 365 2972 satoribus
397 2907 579 2972 secundum
607 2906 894 2973 necessitudinem
923 2905 1026 2990 legis,
1062 2917 1181 2975 cetera

143 3035 168 3073 ιο
194 3009 311 3076 liberis
341 3013 519 3076 concessit.
565 3010 654 3076 huno
684 3031 745 3094 ego
769 3010 938 3097 Lepidum
969 3010 1180 3096 temporibus

194 3113 261 3179 illis
285 3135 424 3199 gravem
448 3123 480 3180 et
505 3116 691 3201 sapientem
713 3117 823 3181 virum
845 3115 949 3180 firisse
972 3117 1179 3200 comperior:

193 3240 272 3283 nam
294 3218 456 3304 pleraque
479 3217 522 3282 ab
547 3220 660 3283 saevis
685 3216 940 3284 adulationibus
970 3216 1120 3283 aliorum
1143 3221 1176 3282 in

193 3321 312 3387 melius
335 3322 440 3388 flexit.
478 3343 586 3408 neque
610 3333 722 3388 tamen
751 3322 1009 3408 temperamenti
1041 3320 1176 3404 egebat.

196 3447 271 3489 cum
286 3423 457 3510 aequabili
474 3427 677 3491 auctoritate
701 3434 734 3488 et
758 3427 871 3508 gratia
895 3424 986 3512 apud
1001 3423 1174 3490 Tiberium

144 3558 168 3597 a
196 3529 353 3607 viguerit.
383 3524 472 3590 unde
503 3525 659 3592 dubitare
687 3548 807 3611 cogor,
837 3529 909 3593 fato
933 3536 966 3592 et
997 3537 1092 3594 sorte
1120 3550 1178 3594 ns-

198 3626 326 3708 scendi,
349 3635 385 3690 ut
408 3635 533 3709 cetera,
558 3630 606 3693 ita
628 3630 817 3716 principum
846 3629 1022 3695 inclinatio
1047 3629 1085 3696 in
1108 3630 1176 3717 hos,
