<?xml version="1.0" encoding="UTF-8"?>
<!DOCTYPE html PUBLIC "-//W3C//DTD XHTML 1.0 Transitional//EN"
    "http://www.w3.org/TR/xhtml1/DTD/xhtml1-transitional.dtd">
<html xmlns="http://www.w3.org/1999/xhtml" xml:lang="en" lang="en">
 <head>
  <title>
</title>
<meta http-equiv="Content-Type" content="text/html;charset=utf-8" />
  <meta name='ocr-system' content='tesseract 3.04.00' />
  <meta name='ocr-capabilities' content='ocr_page ocr_carea ocr_par ocr_line ocrx_word'/>
</head>
<body>
  <div class='ocr_page' id='page_1' title='image "./corneliitacitia03tacigoog_0140.png"; bbox 0 0 2552 4084; ppageno 0'>
   <div class='ocr_carea' id='block_1_1' title="bbox 270 313 1057 382">
    <p class='ocr_par' dir='ltr' id='par_1_1' title="bbox 270 313 1057 382">
     <span class='ocr_line' id='line_1_1' title="bbox 270 313 1057 382; baseline -0.006 -13"><span class='ocrx_word' id='word_1_1' title='bbox 270 318 316 369; x_wconf 84' lang='lat' dir='ltr'>AB</span> <span class='ocrx_word' id='word_1_2' title='bbox 333 315 497 370; x_wconf 78' lang='lat' dir='ltr'>EXOESSU</span> <span class='ocrx_word' id='word_1_3' title='bbox 514 314 673 368; x_wconf 76' lang='lat' dir='ltr'>AUGUSTI</span> <span class='ocrx_word' id='word_1_4' title='bbox 690 315 726 365; x_wconf 85' lang='lat'>11.</span> <span class='ocrx_word' id='word_1_5' title='bbox 745 315 855 366; x_wconf 78' lang='lat'>62—65.</span> <span class='ocrx_word' id='word_1_6' title='bbox 1015 313 1057 382; x_wconf 76' lang='grc'>97</span> 
     </span>
    </p>
   </div>
   <div class='ocr_carea' id='block_1_2' title="bbox 75 505 1114 3699">
    <p class='ocr_par' dir='ltr' id='par_1_2' title="bbox 75 505 1057 592">
     <span class='ocr_line' id='line_1_2' title="bbox 75 505 1057 592; baseline -0.006 -17"><span class='ocrx_word' id='word_1_7' title='bbox 75 551 79 554; x_wconf 98' lang='grc'>-</span> <span class='ocrx_word' id='word_1_8' title='bbox 181 510 235 576; x_wconf 85' lang='grc'>64.</span> <span class='ocrx_word' id='word_1_9' title='bbox 260 510 367 578; x_wconf 81' lang='lat' dir='ltr'>Simul</span> <span class='ocrx_word' id='word_1_10' title='bbox 389 511 552 578; x_wconf 80' lang='lat' dir='ltr'>nuntiato</span> <span class='ocrx_word' id='word_1_11' title='bbox 569 529 684 592; x_wconf 85' lang='lat' dir='ltr'>regem</span> <span class='ocrx_word' id='word_1_12' title='bbox 695 506 866 582; x_wconf 73' lang='lat' dir='ltr'><strong>Artaxian</strong></span> <span class='ocrx_word' id='word_1_13' title='bbox 888 505 1057 582; x_wconf 89' lang='lat' dir='ltr'>Armeniis</span> 
     </span>
    </p>

    <p class='ocr_par' dir='ltr' id='par_1_3' title="bbox 75 607 1114 2760">
     <span class='ocr_line' id='line_1_3' title="bbox 75 607 1058 698; baseline -0.005 -18"><span class='ocrx_word' id='word_1_14' title='bbox 75 639 99 680; x_wconf 88' lang='lat' dir='ltr'>a</span> <span class='ocrx_word' id='word_1_15' title='bbox 123 613 328 680; x_wconf 79' lang='lat' dir='ltr'>Germanico</span> <span class='ocrx_word' id='word_1_16' title='bbox 353 613 485 696; x_wconf 85' lang='lat' dir='ltr'>datum,</span> <span class='ocrx_word' id='word_1_17' title='bbox 503 611 688 680; x_wconf 89' lang='lat' dir='ltr'>decrevere</span> <span class='ocrx_word' id='word_1_18' title='bbox 714 620 829 698; x_wconf 81' lang='lat' dir='ltr'>patres</span> <span class='ocrx_word' id='word_1_19' title='bbox 844 607 1058 682; x_wconf 58' lang='lat' dir='ltr'>›ut-,Germa-</span> 
     </span>
     <span class='ocr_line' id='line_1_4' title="bbox 76 704 1058 809; baseline -0.004 -27"><span class='ocrx_word' id='word_1_20' title='bbox 76 704 192 783; x_wconf 81' lang='lat' dir='ltr'>nicus.</span> <span class='ocrx_word' id='word_1_21' title='bbox 216 725 318 802; x_wconf 88' lang='lat' dir='ltr'>atque</span> <span class='ocrx_word' id='word_1_22' title='bbox 350 715 494 782; x_wconf 85' lang='lat' dir='ltr'>Drusus·</span> <span class='ocrx_word' id='word_1_23' title='bbox 525 723 666 784; x_wconf 85' lang='lat' dir='ltr'>ovantes</span> <span class='ocrx_word' id='word_1_24' title='bbox 692 713 835 788; x_wconf 65' lang='lat' dir='ltr'>&#39;urbem</span> <span class='ocrx_word' id='word_1_25' title='bbox 867 714 1058 809; x_wconf 81' lang='lat' dir='ltr'>introirent.</span> 
     </span>
     <span class='ocr_line' id='line_1_5' title="bbox 76 815 1059 903; baseline -0.006 -17"><span class='ocrx_word' id='word_1_26' title='bbox 76 822 202 887; x_wconf 88' lang='lat' dir='ltr'>structi</span> <span class='ocrx_word' id='word_1_27' title='bbox 219 829 269 885; x_wconf 88' lang='lat' dir='ltr'>·et.</span> <span class='ocrx_word' id='word_1_28' title='bbox 294 841 392 887; x_wconf 87' lang='lat' dir='ltr'>arcus</span> <span class='ocrx_word' id='word_1_29' title='bbox 421 820 562 886; x_wconf 88' lang='lat' dir='ltr'>circum·</span> <span class='ocrx_word' id='word_1_30' title='bbox 578 817 688 882; x_wconf 88' lang='lat' dir='ltr'>latera</span> <span class='ocrx_word' id='word_1_31' title='bbox 718 816 834 903; x_wconf 82' lang='lat' dir='ltr'>templi</span> <span class='ocrx_word' id='word_1_32' title='bbox 857 816 978 888; x_wconf 85' lang='lat' dir='ltr'>Martis</span> <span class='ocrx_word' id='word_1_33' title='bbox 1000 815 1059 888; x_wconf 80' lang='lat' dir='ltr'>Ul.</span> 
     </span>
     <span class='ocr_line' id='line_1_6' title="bbox 76 919 1099 1007; baseline -0.007 -17"><span class='ocrx_word' id='word_1_34' title='bbox 76 927 162 990; x_wconf 87' lang='lat' dir='ltr'>toris</span> <span class='ocrx_word' id='word_1_35' title='bbox 187 945 265 990; x_wconf 88' lang='lat' dir='ltr'>cum</span> <span class='ocrx_word' id='word_1_36' title='bbox 287 924 397 1007; x_wconf 85' lang='lat' dir='ltr'>effigie</span> <span class='ocrx_word' id='word_1_37' title='bbox 420 920 613 1003; x_wconf 76' lang='lat' dir='ltr'><strong>Caesarum,</strong></span> <span class='ocrx_word' id='word_1_38' title='bbox 644 920 792 993; x_wconf 84' lang='lat' dir='ltr'>laetiore</span> <span class='ocrx_word' id='word_1_39' title='bbox 808 919 956 1004; x_wconf 82' lang='lat' dir='ltr'>Tiberio,</span> <span class='ocrx_word' id='word_1_40' title='bbox 980 922 1058 1006; x_wconf 89' lang='lat' dir='ltr'>qnia</span> <span class='ocrx_word' id='word_1_41' title='bbox 1085 945 1099 983; x_wconf 79' lang='lat' dir='ltr'>e</span> 
     </span>
     <span class='ocr_line' id='line_1_7' title="bbox 76 1022 1099 1114; baseline -0.007 -20"><span class='ocrx_word' id='word_1_42' title='bbox 76 1050 200 1114; x_wconf 91' lang='lat' dir='ltr'>pacem</span> <span class='ocrx_word' id='word_1_43' title='bbox 225 1028 391 1114; x_wconf 82' lang='lat' dir='ltr'>sapientia</span> <span class='ocrx_word' id='word_1_44' title='bbox 412 1027 623 1107; x_wconf 88' lang='lat' dir='ltr'>firmaverat,</span> <span class='ocrx_word' id='word_1_45' title='bbox 654 1045 755 1112; x_wconf 86' lang='lat' dir='ltr'>quam</span> <span class='ocrx_word' id='word_1_46' title='bbox 770 1091 772 1098; x_wconf 74' lang='grc'><em>,</em></span> <span class='ocrx_word' id='word_1_47' title='bbox 790 1025 827 1097; x_wconf 74' lang='grc' dir='ltr'>εἰ,</span> <span class='ocrx_word' id='word_1_48' title='bbox 845 1022 972 1090; x_wconf 89' lang='lat' dir='ltr'>bellum</span> <span class='ocrx_word' id='word_1_49' title='bbox 1000 1045 1060 1110; x_wconf 90' lang='lat' dir='ltr'>per</span> <span class='ocrx_word' id='word_1_50' title='bbox 1084 1073 1099 1087; x_wconf 78' lang='grc'>.,</span> 
     </span>
     <span class='ocr_line' id='line_1_8' title="bbox 78 1127 1058 1214; baseline -0.003 -16"><span class='ocrx_word' id='word_1_51' title='bbox 78 1133 172 1198; x_wconf 89' lang='lat' dir='ltr'>acies</span> <span class='ocrx_word' id='word_1_52' title='bbox 218 1129 430 1201; x_wconf 82' lang='lat' dir='ltr'>confecisset.</span> <span class='ocrx_word' id='word_1_53' title='bbox 481 1129 588 1213; x_wconf 88' lang='lat' dir='ltr'>igitur</span> <span class='ocrx_word' id='word_1_54' title='bbox 630 1127 873 1214; x_wconf 81' lang='lat' dir='ltr'>Rhescuporim</span> <span class='ocrx_word' id='word_1_55' title='bbox 918 1147 1058 1213; x_wconf 87' lang='lat' dir='ltr'>quoque,</span> 
     </span>
     <span class='ocr_line' id='line_1_9' title="bbox 78 1229 1061 1324; baseline -0.003 -26"><span class='ocrx_word' id='word_1_56' title='bbox 78 1235 268 1300; x_wconf 80' lang='lat' dir='ltr'>Thraeciae</span> <span class='ocrx_word' id='word_1_57' title='bbox 299 1253 431 1317; x_wconf 85' lang='lat' dir='ltr'>regem,</span> <span class='ocrx_word' id='word_1_58' title='bbox 453 1240 536 1302; x_wconf 42' lang='lat' dir='ltr'>,astu</span> <span class='ocrx_word' id='word_1_59' title='bbox 565 1229 774 1315; x_wconf 81' lang='lat' dir='ltr'><strong>adgreditur.</strong></span> <span class='ocrx_word' id='word_1_60' title='bbox 805 1252 948 1310; x_wconf 38' lang='lat' dir='ltr'>¹*omnem</span> <span class='ocrx_word' id='word_1_61' title='bbox 986 1251 1061 1324; x_wconf 76' lang='lat' dir='ltr'>carp</span> 
     </span>
     <span class='ocr_line' id='line_1_10' title="bbox 78 1332 1059 1420; baseline -0.002 -18"><span class='ocrx_word' id='word_1_62' title='bbox 78 1338 254 1403; x_wconf 86' lang='lat' dir='ltr'>nationem</span> <span class='ocrx_word' id='word_1_63' title='bbox 267 1335 522 1402; x_wconf 78' lang='lat' dir='ltr'>Rhoemetalces</span> <span class='ocrx_word' id='word_1_64' title='bbox 545 1339 719 1419; x_wconf 79' lang='lat' dir='ltr'>tenuerat3</span> <span class='ocrx_word' id='word_1_65' title='bbox 736 1356 801 1420; x_wconf 86' lang='lat' dir='ltr'>quo</span> <span class='ocrx_word' id='word_1_66' title='bbox 817 1334 976 1402; x_wconf 82' lang='lat' dir='ltr'>defimcto</span> <span class='ocrx_word' id='word_1_67' title='bbox 991 1332 1059 1405; x_wconf 86' lang='lat' dir='ltr'>Au·</span> 
     </span>
     <span class='ocr_line' id='line_1_11' title="bbox 78 1424 1112 1526; baseline -0.004 -20"><span class='ocrx_word' id='word_1_68' title='bbox 78 1449 198 1524; x_wconf 83' lang='lat' dir='ltr'>gustus</span> <span class='ocrx_word' id='word_1_69' title='bbox 221 1449 352 1526; x_wconf 89' lang='lat' dir='ltr'>partem</span> <span class='ocrx_word' id='word_1_70' title='bbox 375 1438 565 1507; x_wconf 86' lang='lat' dir='ltr'>Thraecum</span> <span class='ocrx_word' id='word_1_71' title='bbox 586 1424 832 1525; x_wconf 66' lang='lat' dir='ltr'>Rhescuporidi</span> <span class='ocrx_word' id='word_1_72' title='bbox 852 1438 955 1510; x_wconf 81' lang='lat' dir='ltr'>fratri</span> <span class='ocrx_word' id='word_1_73' title='bbox 977 1438 1058 1521; x_wconf 88' lang='lat' dir='ltr'>eius,</span> <span class='ocrx_word' id='word_1_74' title='bbox 1087 1461 1112 1502; x_wconf 87' lang='lat'>10</span> 
     </span>
     <span class='ocr_line' id='line_1_12' title="bbox 78 1540 1102 1631; baseline -0.003 -23"><span class='ocrx_word' id='word_1_75' title='bbox 78 1554 213 1631; x_wconf 82' lang='lat' dir='ltr'>partem</span> <span class='ocrx_word' id='word_1_76' title='bbox 235 1543 303 1608; x_wconf 89' lang='lat' dir='ltr'>filio</span> <span class='ocrx_word' id='word_1_77' title='bbox 327 1542 427 1629; x_wconf 82' lang='lat' dir='ltr'>Cotyi</span> <span class='ocrx_word' id='word_1_78' title='bbox 450 1543 613 1630; x_wconf 85' lang='lat' dir='ltr'>permisit.</span> <span class='ocrx_word' id='word_1_79' title='bbox 658 1544 693 1608; x_wconf 92' lang='lat' dir='ltr'>in</span> <span class='ocrx_word' id='word_1_80' title='bbox 723 1565 763 1608; x_wconf 91' lang='lat' dir='ltr'>ea</span> <span class='ocrx_word' id='word_1_81' title='bbox 788 1540 954 1616; x_wconf 85' lang='lat' dir='ltr'>divisione</span> <span class='ocrx_word' id='word_1_82' title='bbox 977 1563 1060 1617; x_wconf 77' lang='lat' dir='ltr'>arua</span> <span class='ocrx_word' id='word_1_83' title='bbox 1091 1593 1102 1628; x_wconf 53' lang='lat'>2</span> 
     </span>
     <span class='ocr_line' id='line_1_13' title="bbox 79 1643 1059 1732; baseline -0.003 -19"><span class='ocrx_word' id='word_1_84' title='bbox 79 1658 112 1714; x_wconf 93' lang='lat' dir='ltr'>et</span> <span class='ocrx_word' id='word_1_85' title='bbox 134 1646 238 1716; x_wconf 85' lang='lat' dir='ltr'>urbes</span> <span class='ocrx_word' id='word_1_86' title='bbox 262 1657 296 1712; x_wconf 89' lang='lat' dir='ltr'>et</span> <span class='ocrx_word' id='word_1_87' title='bbox 318 1648 432 1716; x_wconf 89' lang='lat' dir='ltr'>vicina</span> <span class='ocrx_word' id='word_1_88' title='bbox 463 1644 606 1712; x_wconf 82' lang='lat' dir='ltr'>Graecis</span> <span class='ocrx_word' id='word_1_89' title='bbox 630 1643 744 1732; x_wconf 76' lang='lat' dir='ltr'>Cotyi,</span> <span class='ocrx_word' id='word_1_90' title='bbox 775 1645 865 1731; x_wconf 91' lang='lat' dir='ltr'>quod</span> <span class='ocrx_word' id='word_1_91' title='bbox 887 1644 1059 1729; x_wconf 85' lang='lat' dir='ltr'>incultum,</span> 
     </span>
     <span class='ocr_line' id='line_1_14' title="bbox 78 1748 1060 1839; baseline -0.004 -21"><span class='ocrx_word' id='word_1_92' title='bbox 78 1753 178 1839; x_wconf 85' lang='lat' dir='ltr'>ferox·</span> <span class='ocrx_word' id='word_1_93' title='bbox 185 1751 401 1835; x_wconf 66' lang='lat' dir='ltr'>,radnexum</span> <span class='ocrx_word' id='word_1_94' title='bbox 443 1749 614 1832; x_wconf 86' lang='lat' dir='ltr'>hostibus,</span> <span class='ocrx_word' id='word_1_95' title='bbox 651 1748 896 1835; x_wconf 87' lang='lat' dir='ltr'>Rhescuporidi</span> <span class='ocrx_word' id='word_1_96' title='bbox 939 1751 1060 1824; x_wconf 85' lang='lat' dir='ltr'>cessit:</span> 
     </span>
     <span class='ocr_line' id='line_1_15' title="bbox 78 1851 1060 1943; baseline -0.003 -22"><span class='ocrx_word' id='word_1_97' title='bbox 78 1858 292 1943; x_wconf 90' lang='lat' dir='ltr'>ipsorumque</span> <span class='ocrx_word' id='word_1_98' title='bbox 315 1875 431 1938; x_wconf 87' lang='lat' dir='ltr'>regum</span> <span class='ocrx_word' id='word_1_99' title='bbox 454 1855 606 1937; x_wconf 87' lang='lat' dir='ltr'>ingenia,</span> <span class='ocrx_word' id='word_1_100' title='bbox 631 1851 681 1918; x_wconf 92' lang='lat' dir='ltr'>illi</span> <span class='ocrx_word' id='word_1_101' title='bbox 704 1854 785 1918; x_wconf 91' lang='lat' dir='ltr'>mite</span> <span class='ocrx_word' id='word_1_102' title='bbox 817 1862 850 1918; x_wconf 91' lang='lat' dir='ltr'>et</span> <span class='ocrx_word' id='word_1_103' title='bbox 873 1874 1060 1936; x_wconf 88' lang='lat' dir='ltr'>amoenum,</span> 
     </span>
     <span class='ocr_line' id='line_1_16' title="bbox 78 1956 1112 2043; baseline -0.005 -19"><span class='ocrx_word' id='word_1_104' title='bbox 78 1959 159 2024; x_wconf 87' lang='lat' dir='ltr'>huic</span> <span class='ocrx_word' id='word_1_105' title='bbox 189 1967 306 2040; x_wconf 88' lang='lat' dir='ltr'>atrox,</span> <span class='ocrx_word' id='word_1_106' title='bbox 338 1957 475 2026; x_wconf 88' lang='lat' dir='ltr'>avidum</span> <span class='ocrx_word' id='word_1_107' title='bbox 505 1965 537 2025; x_wconf 87' lang='lat' dir='ltr'>et</span> <span class='ocrx_word' id='word_1_108' title='bbox 568 1957 744 2022; x_wconf 88' lang='lat' dir='ltr'>societatis</span> <span class='ocrx_word' id='word_1_109' title='bbox 761 1956 944 2043; x_wconf 81' lang='lat' dir='ltr'>inpatiens</span> <span class='ocrx_word' id='word_1_110' title='bbox 976 1965 1059 2023; x_wconf 87' lang='lat' dir='ltr'>erat.</span> <span class='ocrx_word' id='word_1_111' title='bbox 1087 1979 1112 2020; x_wconf 81' lang='lat'>15</span> 
     </span>
     <span class='ocr_line' id='line_1_17' title="bbox 79 2059 1061 2148; baseline 0 -22"><span class='ocrx_word' id='word_1_112' title='bbox 79 2062 142 2128; x_wconf 90' lang='lat' dir='ltr'>sed</span> <span class='ocrx_word' id='word_1_113' title='bbox 177 2063 282 2148; x_wconf 91' lang='lat' dir='ltr'>primo</span> <span class='ocrx_word' id='word_1_114' title='bbox 325 2060 467 2126; x_wconf 90' lang='lat' dir='ltr'>subdola</span> <span class='ocrx_word' id='word_1_115' title='bbox 501 2059 682 2126; x_wconf 91' lang='lat' dir='ltr'>concordia</span> <span class='ocrx_word' id='word_1_116' title='bbox 717 2081 832 2144; x_wconf 83' lang='lat' dir='ltr'>egere:</span> <span class='ocrx_word' id='word_1_117' title='bbox 868 2082 948 2126; x_wconf 86' lang='lat' dir='ltr'>mox</span> <span class='ocrx_word' id='word_1_118' title='bbox 975 2060 1061 2137; x_wconf 83' lang='lat' dir='ltr'>Rhe·</span> 
     </span>
     <span class='ocr_line' id='line_1_18' title="bbox 79 2161 1062 2250; baseline -0.001 -20"><span class='ocrx_word' id='word_1_119' title='bbox 79 2165 234 2250; x_wconf 86' lang='lat' dir='ltr'>scuporis</span> <span class='ocrx_word' id='word_1_120' title='bbox 258 2162 373 2248; x_wconf 86' lang='lat' dir='ltr'>egredi</span> <span class='ocrx_word' id='word_1_121' title='bbox 396 2163 489 2246; x_wconf 88' lang='lat' dir='ltr'>fines,</span> <span class='ocrx_word' id='word_1_122' title='bbox 518 2171 650 2228; x_wconf 91' lang='lat' dir='ltr'>vertere</span> <span class='ocrx_word' id='word_1_123' title='bbox 671 2164 708 2238; x_wconf 85' lang='lat' dir='ltr'>¹in</span> <span class='ocrx_word' id='word_1_124' title='bbox 739 2185 774 2230; x_wconf 91' lang='lat' dir='ltr'>se</span> <span class='ocrx_word' id='word_1_125' title='bbox 797 2161 898 2249; x_wconf 77' lang='lat' dir='ltr'>Cotyi</span> <span class='ocrx_word' id='word_1_126' title='bbox 922 2162 1003 2229; x_wconf 90' lang='lat' dir='ltr'>data</span> <span class='ocrx_word' id='word_1_127' title='bbox 1027 2173 1062 2229; x_wconf 89' lang='lat' dir='ltr'>et</span> 
     </span>
     <span class='ocr_line' id='line_1_19' title="bbox 80 2265 1060 2351; baseline -0.001 -17"><span class='ocrx_word' id='word_1_128' title='bbox 80 2268 255 2336; x_wconf 87' lang='lat' dir='ltr'>resistenti</span> <span class='ocrx_word' id='word_1_129' title='bbox 289 2267 358 2332; x_wconf 87' lang='lat' dir='ltr'>vim</span> <span class='ocrx_word' id='word_1_130' title='bbox 397 2265 525 2349; x_wconf 87' lang='lat' dir='ltr'>facere,</span> <span class='ocrx_word' id='word_1_131' title='bbox 561 2275 762 2331; x_wconf 82' lang='lat' dir='ltr'>cunctanter</span> <span class='ocrx_word' id='word_1_132' title='bbox 800 2265 861 2332; x_wconf 89' lang='lat' dir='ltr'>sub</span> <span class='ocrx_word' id='word_1_133' title='bbox 896 2265 1060 2351; x_wconf 85' lang='lat' dir='ltr'>Augusto,</span> 
     </span>
     <span class='ocr_line' id='line_1_20' title="bbox 80 2369 1060 2458; baseline 0 -22"><span class='ocrx_word' id='word_1_134' title='bbox 80 2394 181 2458; x_wconf 89' lang='lat' dir='ltr'>quem</span> <span class='ocrx_word' id='word_1_135' title='bbox 219 2381 389 2439; x_wconf 86' lang='lat' dir='ltr'>auctorem</span> <span class='ocrx_word' id='word_1_136' title='bbox 423 2369 598 2455; x_wconf 84' lang='lat' dir='ltr'>utriusque</span> <span class='ocrx_word' id='word_1_137' title='bbox 627 2371 741 2453; x_wconf 84' lang='lat' dir='ltr'>regni,</span> <span class='ocrx_word' id='word_1_138' title='bbox 772 2370 809 2438; x_wconf 36' lang='lat' dir='ltr'>si,</span> <span class='ocrx_word' id='word_1_139' title='bbox 837 2378 1060 2456; x_wconf 86' lang='lat' dir='ltr'>sperneretur,</span> 
     </span>
     <span class='ocr_line' id='line_1_21' title="bbox 80 2461 1114 2550; baseline -0.004 -10"><span class='ocrx_word' id='word_1_140' title='bbox 80 2473 253 2541; x_wconf 86' lang='lat' dir='ltr'>vindicem</span> <span class='ocrx_word' id='word_1_141' title='bbox 286 2461 483 2538; x_wconf 50' lang='lat' dir='ltr'>metuebat(</span> <span class='ocrx_word' id='word_1_142' title='bbox 500 2474 685 2550; x_wconf 36' lang='lat' dir='ltr'>,enimvero</span> <span class='ocrx_word' id='word_1_143' title='bbox 720 2471 837 2538; x_wconf 90' lang='lat' dir='ltr'>audita</span> <span class='ocrx_word' id='word_1_144' title='bbox 874 2476 1061 2540; x_wconf 86' lang='lat' dir='ltr'>mutatione</span> <span class='ocrx_word' id='word_1_145' title='bbox 1088 2497 1114 2536; x_wconf 80' lang='lat' dir='ltr'>so</span> 
     </span>
     <span class='ocr_line' id='line_1_22' title="bbox 81 2575 1061 2664; baseline 0 -22"><span class='ocrx_word' id='word_1_146' title='bbox 81 2578 248 2664; x_wconf 91' lang='lat' dir='ltr'>principis</span> <span class='ocrx_word' id='word_1_147' title='bbox 282 2578 468 2654; x_wconf 80' lang='lat' dir='ltr'>inmittere</span> <span class='ocrx_word' id='word_1_148' title='bbox 489 2576 658 2642; x_wconf 89' lang='lat' dir='ltr'>latronum</span> <span class='ocrx_word' id='word_1_149' title='bbox 690 2575 826 2660; x_wconf 85' lang='lat' dir='ltr'>globos,</span> <span class='ocrx_word' id='word_1_150' title='bbox 862 2576 1061 2643; x_wconf 87' lang='lat' dir='ltr'>exscindere</span> 
     </span>
     <span class='ocr_line' id='line_1_23' title="bbox 81 2678 503 2760; baseline -0.005 -14"><span class='ocrx_word' id='word_1_151' title='bbox 81 2679 380 2760; x_wconf 62' lang='lat' dir='ltr'>castellanum</span> <span class='ocrx_word' id='word_1_152' title='bbox 403 2678 503 2752; x_wconf 84' lang='lat' dir='ltr'>bello.</span> 
     </span>
    </p>

    <p class='ocr_par' dir='ltr' id='par_1_4' title="bbox 81 2781 1102 3699">
     <span class='ocr_line' id='line_1_24' title="bbox 187 2781 1061 2870; baseline 0.003 -23"><span class='ocrx_word' id='word_1_153' title='bbox 187 2781 239 2848; x_wconf 84' lang='lat'>65.</span> <span class='ocrx_word' id='word_1_154' title='bbox 267 2783 360 2850; x_wconf 91' lang='lat' dir='ltr'>Nihil</span> <span class='ocrx_word' id='word_1_155' title='bbox 389 2805 494 2870; x_wconf 89' lang='lat' dir='ltr'>aeque</span> <span class='ocrx_word' id='word_1_156' title='bbox 523 2782 695 2849; x_wconf 86' lang='lat' dir='ltr'>Tiberium</span> <span class='ocrx_word' id='word_1_157' title='bbox 730 2783 869 2850; x_wconf 87' lang='lat' dir='ltr'>anxium</span> <span class='ocrx_word' id='word_1_158' title='bbox 902 2781 1061 2867; x_wconf 88' lang='lat' dir='ltr'>habebat,</span> 
     </span>
     <span class='ocr_line' id='line_1_25' title="bbox 81 2885 1062 2974; baseline 0 -20"><span class='ocrx_word' id='word_1_159' title='bbox 81 2909 184 2974; x_wconf 89' lang='lat' dir='ltr'>quam</span> <span class='ocrx_word' id='word_1_160' title='bbox 206 2909 249 2952; x_wconf 93' lang='lat' dir='ltr'>ne</span> <span class='ocrx_word' id='word_1_161' title='bbox 277 2888 455 2973; x_wconf 90' lang='lat' dir='ltr'>conposita</span> <span class='ocrx_word' id='word_1_162' title='bbox 489 2885 717 2952; x_wconf 89' lang='lat' dir='ltr'>turbarentur.</span> <span class='ocrx_word' id='word_1_163' title='bbox 764 2885 885 2969; x_wconf 80' lang='lat' dir='ltr'>deligit</span> <span class='ocrx_word' id='word_1_164' title='bbox 915 2888 1062 2954; x_wconf 88' lang='lat' dir='ltr'>centuri·</span> 
     </span>
     <span class='ocr_line' id='line_1_26' title="bbox 82 2989 1062 3076; baseline -0.001 -21"><span class='ocrx_word' id='word_1_165' title='bbox 82 3013 202 3073; x_wconf 76' lang='lat' dir='ltr'>onem,</span> <span class='ocrx_word' id='word_1_166' title='bbox 214 2991 271 3076; x_wconf 92' lang='lat' dir='ltr'>qui</span> <span class='ocrx_word' id='word_1_167' title='bbox 293 2992 465 3057; x_wconf 88' lang='lat' dir='ltr'>nuntiaret</span> <span class='ocrx_word' id='word_1_168' title='bbox 480 2990 617 3075; x_wconf 88' lang='lat' dir='ltr'>regibus</span> <span class='ocrx_word' id='word_1_169' title='bbox 637 3013 679 3055; x_wconf 90' lang='lat' dir='ltr'>ne</span> <span class='ocrx_word' id='word_1_170' title='bbox 696 2991 797 3056; x_wconf 87' lang='lat' dir='ltr'>armis</span> <span class='ocrx_word' id='word_1_171' title='bbox 814 2989 1062 3076; x_wconf 81' lang='lat' dir='ltr'>disceptarent3</span> 
     </span>
     <span class='ocr_line' id='line_1_27' title="bbox 83 3091 1061 3180; baseline -0.001 -21"><span class='ocrx_word' id='word_1_172' title='bbox 83 3095 266 3180; x_wconf 88' lang='lat' dir='ltr'>statimque</span> <span class='ocrx_word' id='word_1_173' title='bbox 295 3117 315 3159; x_wconf 90' lang='lat' dir='ltr'>a</span> <span class='ocrx_word' id='word_1_174' title='bbox 344 3091 451 3180; x_wconf 79' lang='lat' dir='ltr'>Cotye</span> <span class='ocrx_word' id='word_1_175' title='bbox 482 3094 620 3159; x_wconf 91' lang='lat' dir='ltr'>dimissa</span> <span class='ocrx_word' id='word_1_176' title='bbox 652 3103 730 3159; x_wconf 92' lang='lat' dir='ltr'>sunt</span> <span class='ocrx_word' id='word_1_177' title='bbox 763 3114 850 3179; x_wconf 90' lang='lat' dir='ltr'>quae</span> <span class='ocrx_word' id='word_1_178' title='bbox 878 3102 1061 3180; x_wconf 87' lang='lat' dir='ltr'>paraverat</span> 
     </span>
     <span class='ocr_line' id='line_1_28' title="bbox 83 3196 1102 3284; baseline -0.006 -20"><span class='ocrx_word' id='word_1_179' title='bbox 83 3196 227 3264; x_wconf 88' lang='lat' dir='ltr'>auxilia.</span> <span class='ocrx_word' id='word_1_180' title='bbox 262 3196 486 3284; x_wconf 88' lang='lat' dir='ltr'>Rhescuporis</span> <span class='ocrx_word' id='word_1_181' title='bbox 509 3198 591 3264; x_wconf 89' lang='lat' dir='ltr'>ficta</span> <span class='ocrx_word' id='word_1_182' title='bbox 620 3197 787 3263; x_wconf 88' lang='lat' dir='ltr'>modestia</span> <span class='ocrx_word' id='word_1_183' title='bbox 810 3196 960 3284; x_wconf 91' lang='lat' dir='ltr'>postulat</span> <span class='ocrx_word' id='word_1_184' title='bbox 983 3219 1061 3262; x_wconf 92' lang='lat' dir='ltr'>eun·</span> <span class='ocrx_word' id='word_1_185' title='bbox 1089 3218 1102 3258; x_wconf 81' lang='lat' dir='ltr'>s</span> 
     </span>
     <span class='ocr_line' id='line_1_29' title="bbox 84 3298 1061 3386; baseline 0.001 -21"><span class='ocrx_word' id='word_1_186' title='bbox 84 3300 160 3365; x_wconf 93' lang='lat' dir='ltr'>dem</span> <span class='ocrx_word' id='word_1_187' title='bbox 184 3301 219 3364; x_wconf 94' lang='lat' dir='ltr'>in</span> <span class='ocrx_word' id='word_1_188' title='bbox 235 3298 345 3364; x_wconf 89' lang='lat' dir='ltr'>locum</span> <span class='ocrx_word' id='word_1_189' title='bbox 360 3301 522 3366; x_wconf 89' lang='lat' dir='ltr'>coiretur:</span> <span class='ocrx_word' id='word_1_190' title='bbox 544 3321 643 3386; x_wconf 88' lang='lat' dir='ltr'>posse</span> <span class='ocrx_word' id='word_1_191' title='bbox 668 3299 710 3364; x_wconf 93' lang='lat' dir='ltr'>de</span> <span class='ocrx_word' id='word_1_192' title='bbox 726 3302 966 3366; x_wconf 85' lang='lat' dir='ltr'>controversiis</span> <span class='ocrx_word' id='word_1_193' title='bbox 983 3322 1061 3366; x_wconf 89' lang='lat' dir='ltr'>con-</span> 
     </span>
     <span class='ocr_line' id='line_1_30' title="bbox 83 3402 1062 3490; baseline 0.004 -23"><span class='ocrx_word' id='word_1_194' title='bbox 83 3402 195 3490; x_wconf 87' lang='lat' dir='ltr'>loquio</span> <span class='ocrx_word' id='word_1_195' title='bbox 231 3404 386 3488; x_wconf 89' lang='lat' dir='ltr'>transigi.</span> <span class='ocrx_word' id='word_1_196' title='bbox 431 3426 493 3470; x_wconf 91' lang='lat' dir='ltr'>nec</span> <span class='ocrx_word' id='word_1_197' title='bbox 525 3403 582 3471; x_wconf 93' lang='lat' dir='ltr'>diu</span> <span class='ocrx_word' id='word_1_198' title='bbox 613 3403 801 3471; x_wconf 90' lang='lat' dir='ltr'>dubitatum</span> <span class='ocrx_word' id='word_1_199' title='bbox 833 3404 874 3470; x_wconf 92' lang='lat' dir='ltr'>de</span> <span class='ocrx_word' id='word_1_200' title='bbox 904 3415 1062 3490; x_wconf 89' lang='lat' dir='ltr'>tempore,</span> 
     </span>
     <span class='ocr_line' id='line_1_31' title="bbox 83 3504 1064 3591; baseline 0.003 -21"><span class='ocrx_word' id='word_1_201' title='bbox 83 3505 168 3588; x_wconf 87' lang='lat' dir='ltr'>loco,</span> <span class='ocrx_word' id='word_1_202' title='bbox 194 3504 271 3572; x_wconf 91' lang='lat' dir='ltr'>dein</span> <span class='ocrx_word' id='word_1_203' title='bbox 290 3505 558 3591; x_wconf 87' lang='lat' dir='ltr'>condicionibus,</span> <span class='ocrx_word' id='word_1_204' title='bbox 581 3529 656 3572; x_wconf 91' lang='lat' dir='ltr'>cum</span> <span class='ocrx_word' id='word_1_205' title='bbox 672 3506 760 3572; x_wconf 90' lang='lat' dir='ltr'>alter</span> <span class='ocrx_word' id='word_1_206' title='bbox 781 3506 959 3590; x_wconf 90' lang='lat' dir='ltr'>facilitate,</span> <span class='ocrx_word' id='word_1_207' title='bbox 977 3507 1064 3574; x_wconf 89' lang='lat' dir='ltr'>alter</span> 
     </span>
     <span class='ocr_line' id='line_1_32' title="bbox 88 3609 1064 3699; baseline 0.003 -25"><span class='ocrx_word' id='word_1_208' title='bbox 88 3609 207 3675; x_wconf 87' lang='lat' dir='ltr'>fraude</span> <span class='ocrx_word' id='word_1_209' title='bbox 230 3620 355 3678; x_wconf 89' lang='lat' dir='ltr'>cuncta</span> <span class='ocrx_word' id='word_1_210' title='bbox 378 3611 467 3677; x_wconf 88' lang='lat' dir='ltr'>inter</span> <span class='ocrx_word' id='word_1_211' title='bbox 489 3633 526 3677; x_wconf 89' lang='lat' dir='ltr'>se</span> <span class='ocrx_word' id='word_1_212' title='bbox 548 3610 773 3688; x_wconf 78' lang='lat' dir='ltr'>concederent</span> <span class='ocrx_word' id='word_1_213' title='bbox 796 3613 1064 3699; x_wconf 85' lang='lat' dir='ltr'>acciperentque.</span> 
     </span>
    </p>
   </div>
   <div class='ocr_carea' id='block_1_3' title="bbox 137 3732 995 3788">
    <p class='ocr_par' dir='ltr' id='par_1_5' title="bbox 137 3732 995 3788">
     <span class='ocr_line' id='line_1_33' title="bbox 137 3732 995 3788; baseline -0.007 0"><span class='ocrx_word' id='word_1_214' title='bbox 137 3742 263 3788; x_wconf 66' lang='lat' dir='ltr'>Themis.</span> <span class='ocrx_word' id='word_1_215' title='bbox 276 3743 295 3788; x_wconf 88' lang='lat'>1.</span> <span class='ocrx_word' id='word_1_216' title='bbox 980 3732 995 3782; x_wconf 75' lang='grc'><strong>7</strong></span> 
     </span>
    </p>
   </div>
   <div class='ocr_carea' id='block_1_4' title="bbox 0 0 1291 4084">
    <p class='ocr_par' dir='ltr' id='par_1_6' title="bbox 0 0 1291 4084">
     <span class='ocr_line' id='line_1_34' title="bbox 0 0 1291 4084; baseline 0 0"><span class='ocrx_word' id='word_1_217' title='bbox 0 0 1291 4084; x_wconf 95' lang='lat' dir='ltr'> </span> 
     </span>
    </p>
   </div>
  </div>
 </body>
</html>
