2552 4084
184 305 226 371 86
517 306 690 358 CORNELII
708 307 831 358 'roem

185 520 383 564 concursum
416 519 524 584 neque
558 497 715 582 ambiguo
749 499 859 581 magis
898 507 1037 581 eventu,
1078 497 1162 562 fusis

133 617 159 657 2⁰
185 605 351 689 utrimque
375 602 502 668 dextris
526 602 701 685 cornibus,
735 600 997 688 sperabaturque
1030 624 1165 667 rursum

184 728 309 794 pugna,
331 709 365 772 ni
388 706 614 772 Maroboduus
644 715 758 771 castra
788 708 823 771 in
845 705 948 771 colles
983 704 1165 770 subduxis-

186 821 256 876 set·
281 809 316 875 id
343 812 476 893 signum
496 809 640 896 perculsi
663 809 741 891 fuit3
765 817 798 874 et
823 807 1023 892 transfugiis
1045 808 1165 894 paula·

185 915 246 979 tim
280 913 427 980 nudatus
467 916 501 978 in
534 912 769 979 Marcomanos
804 913 972 978 concessit
1005 913 1167 996 misitque

185 1016 315 1102 legatos
339 1017 385 1082 ad
407 1017 578 1083 Tiberium
601 1028 754 1082 oraturos
782 1014 922 1082 auxilia.
967 1036 1168 1100 responsum

135 1133 160 1174 2⁵
187 1130 238 1186 est
272 1141 339 1186 non
368 1123 439 1186 iure
469 1143 543 1187 eum
571 1119 734 1186 adversus
758 1117 946 1185 Cheruscos
976 1139 1071 1182 arma
1100 1117 1168 1182 Ro·

186 1246 287 1288 mana
311 1226 480 1309 invocare,
504 1226 560 1310 qui
583 1224 766 1309 pugnantis
796 1225 830 1288 in
862 1221 1004 1287 eundem
1032 1221 1169 1286 hostem

186 1324 354 1393 Romanos
371 1326 465 1392 nulla
489 1349 550 1412 ope
574 1328 724 1392 iuvisset.
747 1327 869 1391 missus
893 1335 1005 1390 tamen
1020 1323 1167 1406 Drusus,

186 1442 223 1496 ut
245 1430 443 1513 rettulimus,
465 1431 543 1516 paci
564 1430 723 1494 firmator.

289 1533 341 1597 47.
373 1533 502 1598 Eodem
536 1555 624 1598 anno
660 1532 838 1597 duodecim
872 1530 1022 1597 celebres
1058 1530 1168 1596 Asiae

186 1637 284 1703 urbes
309 1635 491 1723 conlapsae
513 1645 679 1702 nocturno
702 1645 939 1718 motuterrae,
963 1657 1027 1721 quo
1050 1636 1167 1720 inpro-

186 1742 290 1805 visior
312 1741 513 1827 graviorque
535 1741 640 1826 pestis
663 1739 736 1804 fuit.
759 1760 867 1825 neque
884 1737 1019 1804 solitum
1041 1739 1076 1804 in
1099 1736 1168 1804 tali

186 1865 268 1908 casu
292 1842 448 1926 effugium
471 1841 703 1923 subveniebat,
726 1843 761 1906 in
784 1850 901 1927 aperta
917 1841 1167 1928 prorumpendi,

147 1962 161 2002 ⁵
187 1949 265 2034 quia
290 1945 436 2011 diductis
460 1946 558 2011 terris
574 1944 826 2009 hauriebantur.
850 1943 978 2009 sedisse
993 1946 1168 2009 inmensos

185 2060 327 2133 montes,
349 2050 424 2114 visa
447 2050 482 2112 in
498 2047 603 2113 arduo
620 2069 707 2134 quae
721 2046 825 2132 plana
841 2047 976 2130 fuerint,
1000 2046 1169 2112 efftdsissc

186 2155 275 2220 inter
302 2154 434 2219 ruinam
462 2153 558 2236 ignes
581 2159 778 2217 memorant.
815 2151 999 2237 asperrima
1028 2153 1062 2214 in
1087 2148 1168 2215 Sar-

188 2256 306 2321 dianos
340 2255 412 2320 lues
452 2253 629 2341 plurimum
668 2255 704 2318 in
743 2253 877 2319 eosdem
910 2252 1169 2319 misericordiae

188 2361 309 2425 traxit:
332 2381 411 2423 nam
433 2359 584 2423 centiens
609 2359 799 2424 sestertium
827 2356 999 2444 pollicitus
1025 2355 1167 2438 Caesar,

136 2479 162 2518 10
187 2472 220 2528 et
244 2472 406 2549 quantum
428 2462 558 2526 aerario
588 2470 645 2526 aut
668 2461 750 2528 fisco
772 2460 982 2546 pendebant,
1012 2463 1046 2526 in
1070 2462 1168 2546 quin-

187 2567 366 2650 quennium
405 2565 546 2629 remisit.
589 2563 766 2648 Magnetes
807 2587 828 2628 a
862 2561 976 2650 Sipylo
1016 2565 1166 2650 proximi

188 2668 309 2733 damno
338 2687 378 2732 ac
404 2666 550 2732 remedio
577 2666 696 2733 habiti.
731 2667 904 2750 Temnios,
930 2665 1168 2753 Philadelphe-

186 2793 258 2854 nos,
281 2770 464 2854 Aegeatas,
487 2768 777 2856 Apollonidenses,
801 2771 922 2856 quique
937 2769 1082 2834 Mosteni
1105 2780 1168 2835 aut

186 2873 390 2939 Macedones
413 2873 567 2959 Hyrcani
588 2884 768 2957 vocantur,
803 2882 837 2938 et
859 2872 1168 2956 Hierocaesariam,

136 2995 162 3036 15
187 2977 365 3063 Myrinam,
389 2975 527 3062 Cymen,
550 2976 703 3042 Tmolum
730 2976 837 3042 levari
861 2975 951 3042 idem
974 2977 1009 3042 in
1032 2985 1167 3061 tempus

187 3079 324 3146 tributis
339 3081 495 3164 mittique
519 3102 562 3144 ex
585 3088 705 3145 senatu
728 3079 867 3166 placuit,
891 3081 947 3165 qui
971 3081 1168 3166 praesentia

189 3191 358 3270 spectaret
386 3182 627 3268 refoverctque.
673 3182 823 3247 delectus
854 3191 905 3248 est
927 3181 972 3245 M.
996 3181 1116 3247 Ateius
1149 3206 1168 3247 e

186 3288 375 3373 praetoriis,
397 3307 440 3349 ne
462 3284 633 3351 consulari
656 3284 829 3351 obtinente
844 3284 961 3350 Asiam
984 3284 1167 3351 aemulatio

188 3393 277 3456 inter
297 3410 395 3476 pares
420 3399 519 3455 etex
542 3410 580 3454 eo
604 3389 878 3476 impedimentum
900 3398 1061 3455 oreretur.

290 3492 342 3556 48.
363 3491 580 3576 Magnificam
602 3495 636 3558 in
651 3491 822 3578 publicum
837 3491 1053 3576 largitionem
1069 3493 1167 3566 auxit

189 3595 317 3662 Caesar
339 3594 430 3661 haud
452 3597 561 3665 minus
585 3605 684 3678 grata
707 3594 932 3678 liberalitate,
956 3596 1045 3680 quod
1076 3595 1166 3662 bona
