2530 4084
259 336 306 386 AB
323 334 487 387 EXCESSU
505 333 664 386 AUGUSTI
681 334 731 384 ΙΙΙ.
750 333 861 386 50-53.
984 334 1046 398 143

55 538 166 594 teret.
189 551 269 594 nam
285 529 468 615 incipiente
485 525 521 591 O.
539 525 661 592 Bibulo
679 527 785 591 ceteri
800 547 930 612 quoque
953 525 1045 590 aedi-

56 631 117 696 les
146 630 396 716 disscrucrant,
420 633 532 717 sperni
562 631 804 716 sumptuariam
826 628 935 712 legem
960 630 1044 693 veti·
1073 648 1098 687 ιο

58 745 170 821 taque
192 734 388 800 utensilium
411 736 519 820 pretia
554 735 671 818 augeri
700 735 735 798 in
763 731 846 816 dies,
881 753 944 796 neo
978 754 1045 797 me-

62 837 239 903 diocribus
263 838 419 903 remediis
444 839 519 902 sisti
542 859 651 923 posse.
698 844 730 900 et
754 834 900 900 consulti
930 845 1045 921 patres

61 943 239 1025 integrum
268 941 304 1006 id
331 942 502 1025 negotium
536 940 580 1005 ad
614 941 799 1026 principem
834 938 1045 1004 distulerant.

62 1044 130 1109 sed
152 1044 307 1110 Tiberius
331 1066 430 1132 saepe
454 1043 544 1130 apud
568 1066 603 1108 se
625 1045 805 1129 pensitato,
829 1065 873 1106 an
897 1046 1046 1108 coerceri

61 1158 138 1212 tam
160 1149 318 1234 profusae
333 1147 507 1235 cupidines
523 1157 671 1235 possent,
695 1170 773 1212 num
796 1148 955 1212 coercitio
971 1146 1045 1232 plus
1074 1161 1098 1200 1⁵

65 1252 185 1317 damni
213 1253 247 1316 in
276 1274 347 1317 rem
375 1250 547 1337 publicam
573 1251 692 1334 ferret,
723 1271 822 1337 quam
852 1249 1045 1315 indecorum

66 1355 264 1420 adtrectare
292 1354 381 1440 quod
403 1377 469 1419 non
494 1354 662 1419 obtineret
683 1352 738 1418 vel
760 1362 928 1418 retentum
952 1355 1045 1436 igno-

65 1460 207 1524 miniam
236 1468 269 1523 et
298 1458 472 1524 infamiam
494 1461 641 1524 virorum
668 1457 861 1523 inlustrium
881 1465 1045 1544 posceret,

66 1571 238 1648 postremo
262 1562 395 1628 litteras
425 1563 470 1629 ad
494 1571 647 1628 senatum
675 1563 877 1647 composuit,
906 1583 1045 1649 quarum

69 1668 239 1732 sententia
263 1667 297 1731 in
319 1666 412 1757 hunc,
430 1666 565 1732 modum
587 1667 660 1731 fuit.
1072 1682 1097 1720 2⁰

171 1769 224 1834 53.
243 1767 388 1835 ‘Ceteris
422 1770 565 1835 forsitan
599 1771 634 1834 in
669 1769 784 1852 rebus,
818 1780 933 1856 patres
967 1792 1045 1835 oon-

70 1876 204 1961 scripti,
228 1875 337 1958 magis
362 1873 521 1961 expediat
553 1896 605 1939 me
635 1895 750 1938 coram
778 1875 983 1956 interrogari
1013 1882 1045 1938 et

70 1977 183 2042 dicere
199 1976 280 2064 quid
303 2000 321 2042 e
343 1977 531 2064 republica
555 2000 727 2043 censeam:
751 1978 785 2041 in
800 1977 864 2042 hac
881 1976 1045 2044 relatione

69 2079 222 2146 subtrahi
247 2079 359 2146 oculos
383 2102 474 2146 meos
497 2080 617 2147 melius
640 2081 713 2164 fuit,
737 2103 780 2145 nc
804 2080 1045 2147 denotantibus

66 2185 162 2250 vobis
194 2207 252 2249 ora
276 2207 316 2250 ao
339 2195 464 2251 metum
488 2184 712 2269 singulorum,
742 2187 798 2272 qui
819 2185 968 2272 pudendi
996 2177 1045 2252 ll·
1072 2201 1085 2241 ὅ

67 2311 130 2353 xus
155 2299 391 2372 arguerentur,
417 2291 489 2375 ipse
512 2291 614 2354 etiam
636 2288 785 2353 viderem
809 2310 865 2353 eos
890 2312 929 2354 ao
952 2289 1045 2355 velut

69 2392 319 2479 deprenderem.
357 2393 454 2480 ,quod
483 2395 512 2458 si
545 2415 674 2458 mecum
703 2401 783 2458 ante
811 2394 876 2457 viri
905 2395 1044 2477 strenui,

67 2496 214 2580 aediles,
239 2495 417 2562 consilium
439 2496 653 2580 habuissent,
676 2497 791 2562 nescio
817 2519 861 2561 an
885 2518 1045 2561 suasurus

67 2599 188 2665 fuerim
211 2602 365 2665 omittere
387 2602 498 2686 potius
527 2599 727 2686 praevalida
756 2610 789 2666 et
819 2598 937 2665 adulta
959 2602 1045 2665 vitia

68 2726 167 2789 quam
189 2703 253 2769 hoo
277 2703 427 2790 adsequi,
449 2713 487 2769 ut
507 2703 623 2791 palam
644 2704 740 2768 tieret
763 2702 882 2788 quibus
904 2703 1044 2788 flagitiis
1073 2719 1097 2758 1⁰

68 2809 213 2894 impares
251 2829 409 2872 essemus.
455 2807 515 2872 sed
543 2807 592 2872 illi
622 2807 757 2895 quidem
793 2807 902 2872 officio
937 2807 1046 2874 functi

68 2921 163 2992 sunt,
193 2919 230 2975 ut
259 2920 388 2976 ceteros
417 2932 547 2998 quoque
580 2912 802 2994 magistratus
837 2933 898 2976 sua
931 2912 1045 2975 munia

67 3013 206 3100 implere
229 3012 347 3078 velim:
375 3012 456 3078 mihi
480 3024 594 3079 autem
616 3036 723 3101 neque
745 3012 923 3079 honestum
946 3013 1045 3079 silere

66 3139 175 3204 neque
203 3115 356 3203 proloqui
385 3116 595 3202 expeditum,
631 3119 708 3203 quia
737 3138 803 3181 non
836 3117 956 3182 aedilis
986 3127 1045 3182 aut

66 3221 234 3305 praetoris
258 3229 316 3285 aut
341 3220 488 3286 consulis
512 3223 619 3306 partis
644 3221 804 3285 sustineo.
850 3222 958 3286 maius
983 3219 1043 3285 ali·
1072 3236 1097 3276 15

68 3321 148 3409 quid
177 3331 210 3387 et
241 3322 406 3388 excelsius
436 3345 456 3388 a
484 3325 637 3409 principe
665 3323 874 3410 postulatum
909 3333 941 3388 et
970 3345 1046 3389 oum

68 3437 158 3493 recte
181 3427 347 3492 factorum
371 3427 436 3493 sibi
451 3428 591 3515 quisque
607 3429 753 3512 gratiam
775 3427 923 3511 trahant,
946 3429 1044 3492 unius

70 3529 200 3596 invidia
224 3530 267 3595 ab
291 3531 444 3596 omnibus
468 3542 641 3617 peccatur.
688 3531 769 3617 quid
792 3533 880 3596 enim
902 3533 1045 3616 primum

69 3633 244 3720 probibere
273 3643 307 3700 et
339 3636 488 3722 priscum
517 3635 562 3701 ad
589 3657 714 3702 morem
741 3634 892 3700 recidere
923 3633 1042 3720 adgre-
