2530 4084
180 933 615 1094 oonuunn
666 979 950 1092 mmm

246 1167 307 1235 AB
329 1165 537 1236 EXOESSU
557 1167 660 1236 DIVI
681 1165 884 1236 AUGUSTI

472 1307 595 1362 nmmo
611 1305 666 1362 111.

180 1448 208 1511 1.
231 1447 323 1514 Nihil
345 1448 538 1514 intermissa
560 1448 780 1532 navigatione
794 1447 928 1514 hiberni
949 1447 1052 1512 maris

64 1551 264 1638 Agrippina
287 1548 470 1638 Corcyram
493 1550 638 1616 insulam
661 1549 849 1633 advehitur,
872 1549 973 1616 litora
989 1547 1053 1616 Oa·

65 1655 207 1721 labriae
222 1665 341 1722 eontra
365 1657 475 1721 sitam.
499 1655 571 1721 illio
586 1678 712 1742 paucos
738 1655 809 1720 dies
834 1653 1052 1740 conponendo

68 1761 187 1826 animo
213 1761 361 1844 insumit,
383 1759 535 1825 violenta
558 1759 652 1825 luotu
676 1768 708 1824 et
732 1759 849 1824 nescia
871 1757 1051 1824 tolerandi.

69 1865 212 1929 interim
235 1863 385 1930 adventu
407 1866 477 1930 eius
502 1862 618 1930 audito
642 1865 779 1929 intimus
809 1864 948 1949 quisque
972 1862 1051 1926 ami·
1078 1887 1092 1929 5

70 1989 191 2032 eorum
222 1976 254 2032 et
281 1965 433 2053 plerique
461 1965 637 2049 militares,
667 1976 704 2031 ut
732 1967 854 2053 quique
883 1964 944 2030 sub
968 1962 1052 2029 Ger·

70 2073 209 2137 manico
232 2070 402 2157 stipendia
424 2070 594 2155 fecerant,
617 2069 779 2156 multique
809 2071 912 2135 etiam
945 2069 1052 2152 ignoti

71 2175 198 2238 vieinis
230 2196 247 2238 e
276 2174 482 2260 municipiis,
515 2195 594 2260 pars
625 2172 773 2238 officinm
806 2173 841 2237 in
867 2173 1052 2259 prinoipem

73 2280 160 2363 rati,
183 2278 297 2364 plures
320 2277 397 2344 illos
421 2279 544 2361 secuti,
567 2299 664 2343 ruere
692 2275 737 2342 ad
766 2276 924 2363 oppidum
945 2275 1052 2340 Brun·

75 2383 211 2466 dimum,
236 2381 324 2469 quod
345 2384 526 2468 naviganti
548 2380 760 2448 celerrimum
788 2381 1053 2467 fidissimumque
1080 2405 1105 2446 ro

74 2484 224 2572 adpulsu
245 2495 328 2551 erat.
352 2495 455 2573 atque
469 2485 527 2552 ubi
549 2486 692 2572 primum
716 2507 759 2550 ex
781 2484 850 2550 alto
866 2486 941 2551 visa
964 2485 1052 2550 elas-

74 2591 133 2673 sis,
158 2589 368 2676 complentur
382 2613 450 2656 non
464 2589 563 2656 modo
579 2598 696 2676 portus
720 2598 754 2654 et
768 2590 923 2676 proxima
938 2591 1052 2676 maris,

75 2691 138 2758 sed
160 2694 293 2759 moenia
316 2715 357 2758 ae
383 2704 484 2778 tecta,
509 2716 640 2781 quaque
669 2693 866 2778 longissime
896 2715 1052 2781 prospec-

73 2797 144 2861 tari
159 2806 303 2883 poterat,
325 2798 545 2864 maerentium
559 2797 660 2864 turba
676 2807 710 2863 et
723 2799 944 2882 rogitantium
965 2800 1054 2864 inter

75 2924 124 2986 se,
149 2901 326 2967 silentione
358 2924 402 2967 an
424 2923 507 2968 voee
530 2902 644 2988 aliqua
668 2899 898 2986 egredientem
921 2903 1053 2989 excipe·
1080 2921 1106 2962 rs

75 3013 162 3071 rent.
186 3026 293 3091 neque
315 3007 400 3072 satis
416 3006 598 3073 constabat
613 3005 694 3093 quid
716 3028 776 3093 pro
793 3016 941 3092 tempore
956 3005 1053 3090 foret,

75 3130 153 3174 oum
175 3107 294 3174 elassis
317 3108 483 3195 paulatim
506 3113 678 3195 suecessit,
701 3133 769 3176 non
793 3109 910 3193 alacri,
933 3120 971 3176 ut
994 3109 1053 3176 ad·
1179 3175 1183 3181 .

77 3211 174 3295 solet,
197 3213 355 3297 remigio,
390 3213 450 3278 sed
478 3216 608 3280 eunetis
644 3214 689 3279 ad
718 3215 892 3280 tristitiam
921 3236 1053 3302 compo-

78 3315 163 3380 sitis.
186 3325 364 3402 postquam
381 3315 508 3383 duobus
533 3340 609 3384 eum
629 3316 757 3400 liberis,
779 3316 919 3383 feralem
934 3338 1054 3383 urnam

77 3427 206 3502 tenens,
231 3439 368 3503 egressa
391 3422 473 3485 navi
496 3420 614 3486 defixit
637 3419 762 3505 oeulos,
796 3419 885 3486 idem
908 3423 1054 3487 omnium
1081 3438 1107 3478 2⁰

79 3523 241 3606 gemitum
268 3544 378 3610 neque
402 3523 611 3589 discerneres
634 3524 804 3610 proximos
829 3523 975 3608 alienos,
1003 3527 1054 3591 vi·

78 3646 190 3692 rernm
211 3623 452 3692 feminarumve
466 3625 634 3713 planetus,
656 3626 725 3692 nisi
746 3625 836 3712 quod
858 3628 1054 3694 comitatum
