2500 4084
252 331 298 380 AB
318 331 482 382 EXCESSU
499 328 658 382 AUGUSTI
675 328 721 380 lV.
739 327 850 379 45-40.
975 327 1034 393 191

48 521 159 586 victis
175 531 179 539 “
195 521 370 585 servitium
398 519 623 602 indiceretur,
653 541 727 585 esse
757 515 821 584 sibi
848 519 973 584 ferrum
1002 526 1036 583 et
1063 540 1088 581 15

49 626 270 690 iuventutem
292 633 324 688 et
348 634 540 711 promptum
568 622 721 689 libertati
744 630 803 688 aut
826 622 872 687 ad
892 630 1035 688 mortem

48 730 216 794 animum.
240 727 339 793 simul
361 726 505 794 castella
526 727 666 814 rupibus
689 726 800 793 indita
815 725 1034 811 conlatosque

50 830 138 896 illu‘c
161 841 319 917 parentes
343 841 376 897 ct
411 832 572 915 coniuges
596 830 815 897 ostentabant
843 828 1035 915 bellumque

52 934 260 1021 impeditum
283 935 425 1001 arduum
448 944 625 1000 cruentum
647 933 903 1002 minitabantur.
1015 997 1021 1008 ,

160 1037 213 1104 47.
235 1039 281 1105 At
319 1037 483 1123 Sabinus,
517 1040 625 1106 donec
660 1040 830 1106 exercitus
864 1039 900 1102 in
933 1059 1036 1102 uuum

51 1143 272 1225 conduceret,
296 1143 386 1209 datis
402 1144 540 1211 mitibus
552 1145 733 1232 responsis,
747 1151 926 1231 postquam
940 1142 1036 1206 Pom-

50 1248 178 1334 ponius
207 1245 323 1312 Labeo
359 1269 376 1312 e
403 1246 533 1314 Moesia
563 1270 640 1314 cum
665 1247 813 1332 legione,
843 1269 906 1312 rex
926 1244 1034 1312 Rhoe-

52 1350 220 1418 metalces
243 1373 320 1416 oum
341 1351 480 1418 auxiliis
502 1351 731 1439 popularium,
761 1353 818 1437 qui
840 1350 941 1416 fidem
969 1371 1037 1415 non

53 1464 290 1539 mutaverant,
324 1479 464 1538 venere,
499 1455 619 1521 addita
652 1454 825 1541 praesenti
857 1455 957 1539 copia
991 1452 1037 1517 ad
1063 1474 1076 1514 ⁵

54 1560 189 1624 hostem
212 1561 333 1646 pergit,
357 1562 580 1646 compositum
602 1562 671 1624 iam
692 1583 753 1646 per
768 1559 945 1643 angustias
971 1556 1036 1621 sal·

53 1673 163 1728 tuum.
193 1662 330 1748 quidam
354 1663 535 1730 audentius
563 1665 691 1749 apertis
720 1666 755 1728 in
783 1660 926 1728 collibus
949 1662 1036 1726 vise·

53 1766 200 1850 bantur,
223 1790 306 1855 quos
331 1768 401 1835 dux
421 1768 593 1834 Romanus
617 1769 692 1833 acis
715 1787 916 1852 suggressus
945 1762 1037 1830 haud

56 1891 161 1955 aegre
194 1870 339 1957 pepulit,
373 1873 538 1955 sanguine
566 1870 790 1937 barbarorum
824 1869 957 1937 modico
994 1867 1037 1933 ob

54 1975 246 2060 propinqua
269 1973 424 2058 suffugia.
447 1996 527 2040 mox
549 1975 674 2040 castris
697 1976 731 2039 in
755 1972 830 2039 loco
854 1973 1036 2039 communi·
1064 1997 1091 2036 ιο

55 2079 100 2142 tis
134 2076 250 2143 valida
282 2098 385 2144 manu
418 2087 566 2144 montem
600 2086 760 2164 occupat,
789 2087 970 2162 angustum
1004 2086 1038 2142 et

57 2179 195 2267 aequali
219 2180 318 2248 dorso
341 2181 538 2248 continuum
566 2203 672 2268 usque
701 2181 746 2247 ad
768 2183 958 2267 proximum
981 2201 1036 2245 ca·

57 2282 212 2366 stellum,
247 2283 336 2370 quod
363 2305 489 2369 magna
517 2287 569 2350 vis
599 2295 733 2352 armata
767 2293 825 2351 aut
859 2284 1036 2350 incondita

56 2387 229 2454 tuebatur.
261 2387 360 2454 simul
383 2389 419 2454 in
441 2388 686 2472 ferocissimos,
716 2392 773 2475 qui
805 2397 885 2454 ante
907 2386 1037 2453 vallum

56 2513 150 2558 more
180 2493 291 2576 gentis
320 2514 398 2559 cum
424 2493 630 2560 carminibus
660 2502 693 2558 et
723 2492 881 2578 tripudiis
909 2490 1037 2576 persul·
1065 2514 1090 2553 ιε

56 2595 193 2678 tabant,
215 2595 321 2661 mittit
345 2595 494 2662 delectos
519 2597 783 2681 sagittariorum.
808 2598 832 2660 ii
856 2595 934 2660 dum
958 2595 1037 2660 emi-

56 2721 122 2764 nus
146 2698 404 2783 grassabantur,
428 2700 548 2766 crebra
572 2710 604 2766 et
621 2699 730 2766 inulta
745 2699 888 2764 vulnera
910 2697 1037 2763 fecere:

57 2792 196 2887 propius
223 2800 420 2867 incedentes
450 2804 625 2888 eruptione
654 2801 767 2868 subita
799 2800 928 2866 turbati
959 2811 1038 2866 sunt

57 2906 253 2991 receptique
276 2905 426 2972 subsidio
443 2904 653 2990 Sugambrae
675 2905 834 2987 cohortis,
858 2929 959 2994 quam
972 2906 1038 2971 Ro·

57 3029 178 3072 manus
201 3018 390 3095 promptam
412 3008 457 3074 ad
478 3009 629 3096 pericula
657 3031 720 3075 nec
743 3011 853 3074 minus
877 3019 1037 3076 cantuum
1065 3033 1090 3073 ao

59 3123 93 3177 et
116 3132 284 3177 armorum
313 3111 460 3178 tumultu
487 3123 618 3180 trucem
640 3112 733 3178 haud
764 3113 880 3201 procul
914 3115 1038 3180 instru-

60 3225 170 3282 xerat.

162 3316 213 3384 48.
237 3318 419 3386 Translata
450 3319 571 3388 dehinc
601 3330 716 3387 castra
739 3321 870 3386 hostem
892 3329 1037 3407 propter,

61 3420 189 3488 relictis
218 3423 308 3510 apud
329 3425 442 3510 priora
469 3425 677 3490 munimenta
700 3423 925 3506 Thraecibus,
955 3445 1038 3510 quos

61 3525 158 3592 nobis
175 3525 325 3593 adfuisse
340 3530 535 3594 memoravi.
553 3530 662 3614 iisque
677 3530 878 3616 permissum
888 3536 1037 3610 vastare,

60 3629 325 3713 urere„trahere
347 3631 503 3718 praedas,
527 3631 606 3699 dum
619 3631 793 3720 populatio
815 3631 925 3697 lucem
947 3632 1040 3698 intra
