2500 4084
230 298 276 352 AB
296 297 458 350 EXOESSU
477 297 634 350 AUGUSTI
652 299 698 349 VI.
721 299 828 351 10-13.
962 300 1026 366 225

41 489 166 572 batus,
189 489 323 576 publico
343 491 464 566 ‚funere
486 513 530 555 ex
554 488 689 555 decreto
714 499 851 554 senatus
876 488 1025 556 celebra·
1053 505 1079 546 2⁰

42 603 96 660 tus
123 603 189 660 est.

153 697 204 762 12.
233 697 390 764 Relatum
422 697 502 763 inde
534 697 579 762 ad
612 707 726 784 patres
760 717 781 762 a
815 697 1027 780 Quintiliano

43 801 184 868 tribuno
219 801 329 888 plebei
364 801 405 866 de
435 800 522 870 libro
546 800 714 884 Sibullae,
743 824 841 888 quam
864 800 1027 867 Caninius

44 903 169 970 Gallus
194 905 495 991 quindecimvirum
526 905 631 990 recipi
660 906 749 969 inter
782 915 913 972 ceteros
941 907 1027 971 eius·

44 1009 122 1074 dem
145 1011 237 1074 vatis
271 1021 305 1075 et
333 1031 373 1074 ea
397 1008 438 1074 de
469 1019 674 1074 serenatus
701 1008 892 1074 consultum
913 1018 1026 1096 postu·

42 1112 191 1180 laverat.
227 1135 291 1199 quo
315 1135 374 1200 per
398 1112 639 1178 discessionem
662 1111 754 1178 facto
777 1113 869 1177 misit
892 1111 1026 1178 litteras
1053 1137 1066 1178 s

43 1215 186 1301 Caesar,
209 1217 340 1283 modice
362 1215 534 1283 tribunum
557 1218 737 1302 increpans
762 1219 918 1300 ignarum
940 1217 1027 1282 anti-

43 1324 101 1407 qui
125 1323 228 1386 moris
252 1320 295 1387 ob
317 1323 498 1387 iuventam.
539 1318 639 1388 Gallo
669 1319 909 1406 exprobrabat,
938 1319 1028 1406 quod

44 1427 214 1490 scientiae
237 1426 582 1512 caerimoniarumque
604 1434 701 1490 vetus
725 1426 854 1490 incerto
879 1433 1028 1506 auctore,

43 1541 126 1596 ante
156 1531 359 1596 sententiam
392 1528 543 1614 collegii,
577 1552 659 1612 non,
692 1539 729 1594 ut
759 1528 907 1612 adsolet,
939 1527 1027 1593 lecto

47 1657 110 1720 per
133 1635 314 1718 magistros
344 1635 590 1721 aestimatoque
612 1635 777 1716 carmine,
806 1632 897 1719 apud
926 1632 1025 1696 infre·
1056 1657 1081 1696 ro

44 1748 205 1823 quentem
245 1747 398 1802 senatum
439 1738 574 1820 egisset.
619 1735 717 1802 simul
757 1736 1026 1819 commonefecit,

44 1844 126 1927 quia
149 1840 258 1906 multa
278 1862 368 1907 vana
392 1839 453 1906 sub
476 1842 610 1906 nomine
632 1839 760 1906 celebri
782 1839 1023 1925 vulgabantur,

45 1945 205 2010 sanxisse
227 1943 433 2027 Augustum,
468 1965 566 2029 quem
594 1945 684 2009 intra
714 1943 803 2010 diem
826 1943 871 2010 ad
893 1954 1026 2030 practo-

45 2071 119 2114 rem
145 2047 312 2114 urbanum
336 2047 546 2114 deferrentur
577 2069 685 2132 nequa
719 2046 844 2113 habere
867 2050 1027 2136 privatim

44 2149 175 2218 liceret.
221 2149 310 2235 quod
339 2173 360 2214 a
388 2149 571 2215 maioribus
603 2171 732 2236 quoque
756 2149 929 2216 decretum
953 2163 1026 2218 erat
1055 2171 1081 2211 1⁵

46 2264 125 2340 post
156 2263 312 2319 exustum
343 2252 463 2318 sociali
490 2251 579 2318 bello
609 2251 829 2339 Capitolium,
863 2256 1026 2340 quaesitis

46 2357 160 2441 Samo,
183 2355 257 2438 Ilio,
278 2355 454 2442 Erythris,
482 2378 543 2442 per
565 2355 716 2424 Africam
746 2359 849 2423 etiam
878 2381 918 2423 ac
943 2357 1027 2424 Sici-

45 2461 128 2528 liam
151 2471 184 2526 et
205 2460 346 2528 Italicas
370 2459 521 2526 colonias
544 2460 749 2526 carminibus
774 2460 936 2543 Sibullae,
959 2485 1027 2528 una

46 2589 105 2632 seu
138 2565 251 2651 plures
285 2564 394 2648 fuere,
430 2563 575 2650 datoque
609 2564 844 2632 sacerdotibus
877 2567 1027 2650 negotio,

46 2678 212 2756 quantum
233 2669 380 2734 humana
404 2690 465 2754 ope
487 2670 694 2754 potuissent,
717 2691 798 2734 vera
823 2669 1026 2735 discerncre.
1054 2691 1080 2730 rc

47 2775 153 2858 igitur
176 2783 255 2840 tunc
271 2795 401 2861 quoque
424 2773 555 2846 notioni
570 2773 873 2859 quindecimvirum
897 2775 925 2838 is
942 2773 1028 2846 liber

49 2876 225 2944 subicitur.
601 2955 604 2962 ι

152 2979 202 3046 13.
224 2981 337 3048 Isdem
353 2980 548 3048 consulibus
565 2983 736 3066 gravitate
760 3003 915 3047 annonae
930 2982 1028 3046 iuxta

49 3083 249 3150 seditionem
271 3094 427 3167 ventum,
461 3083 634 3170 multaque
661 3095 695 3150 et
723 3084 836 3171 plures
866 3107 926 3171 per
954 3084 1027 3150 dies

48 3190 82 3254 in
105 3188 240 3256 theatro
263 3188 421 3256 licentius
444 3189 648 3273 efflagitata,
678 3211 777 3277 quam
808 3187 945 3254 solitum
968 3187 1027 3254 ad-

48 3314 182 3360 versum
219 3295 463 3379 imperatorem.
515 3295 590 3379 quis
628 3303 814 3359 commotus
857 3293 1028 3358 incusavit

49 3397 268 3480 magistratus
291 3405 488 3483 patresque,
518 3394 608 3482 quod
630 3419 696 3462 non
719 3395 857 3484 publica
881 3397 1027 3461 auctori·
1054 3415 1067 3455 s

50 3509 120 3566 tate
142 3499 300 3586 populum
323 3502 568 3583 coercuissent,
603 3499 803 3586 addiditque
833 3499 954 3587 quibus
984 3522 1028 3564 ex

50 3603 230 3688 provinciis
261 3613 295 3670 et
323 3611 448 3694 quanto
472 3603 633 3670 maiorem
656 3624 757 3689 quam
780 3602 954 3688 Augustus
978 3604 1027 3670 roi

102 3753 225 3808 merrus,
240 3754 257 3798 r
927 3740 958 3790 15
