2500 4084
154 891 591 1013 CORNELII
642 894 925 1009 'factm

222 1087 282 1153 AB
304 1085 512 1152 EXOESSU
533 1085 635 1151 DIVI
657 1083 859 1151 AUGUSTI

329 1225 450 1280 LIBER
467 1227 501 1280 V.
526 1225 757 1294 Fragmentum.

155 1367 184 1431 1.
206 1364 361 1432 Rubellio
386 1375 418 1431 et
435 1365 531 1430 Fufio
554 1363 760 1448 consulibua,
784 1385 923 1450 quorum
946 1363 1032 1427 utria

52 1493 113 1556 qne
149 1468 310 1535 Geminus
347 1480 604 1553 cognomentum
639 1478 728 1555 erat,
762 1469 850 1534 Iulia
873 1466 1032 1549 Augusta

51 1583 191 1638 mortem
231 1573 332 1655 obiit,
370 1582 484 1639 aetate
529 1582 695 1656 extrema,
734 1572 925 1638 nobilitatis
969 1590 1032 1655 per·

51 1676 230 1741 Claudiam
263 1676 428 1742 familiam
461 1685 492 1742 et
529 1676 709 1762 adoptione
731 1675 906 1741 Liviorum
928 1669 1033 1738 Iulio-v

51 1801 189 1865 rumque
219 1778 439 1845 clarissimae.
484 1780 628 1866 primum
657 1780 687 1844 ei
715 1779 962 1844 matrimonium
996 1785 1029 1840 et
1055 1787 1071 1833 ⁵

51 1881 149 1947 liberi
171 1883 265 1949 fuere
287 1905 362 1949 cum
388 1882 523 1948 Tiberio
554 1882 702 1963 Nerone,
737 1883 794 1967 qui
816 1879 905 1946 bello
928 1881 1029 1946 Peru-

56 1987 129 2051 sino
168 1987 346 2072 profugus,
390 2008 474 2073 pace
514 1989 603 2051 inter
638 1983 715 2050 Sex.
757 1984 950 2070 Pompeium
989 2006 1030 2048 ac

51 2091 243 2155 triumviros
271 2100 373 2177 pacta
403 2092 437 2154 in
471 2089 587 2155 urbem
621 2088 732 2154 rediit.
779 2090 867 2152 exim
901 2086 1031 2152 Caesar

52 2191 210 2276 cupidine
233 2191 360 2257 formae
383 2192 493 2257 aufert
524 2193 661 2275 marito,
690 2193 854 2257 incertum
877 2214 922 2256 an
945 2193 1030 2256 invi-

52 2304 131 2378 tam,
156 2293 241 2360 adeo
263 2318 443 2382 properus,
476 2305 578 2360 utne
602 2297 711 2382 spatio
736 2295 870 2382 quidem
893 2293 939 2360 ad
962 2297 1030 2359 eni·
1058 2310 1084 2348 1⁰

53 2396 190 2463 tendum
224 2397 304 2463 dato
331 2398 511 2484 penatibus
542 2401 610 2464 suis
641 2398 818 2483 gravidam
848 2397 1029 2462 induxerit.

52 2500 180 2565 nnllam
202 2501 342 2587 posthac
372 2502 522 2568 subolem
546 2502 668 2586 edidit,
698 2501 758 2566 sed
781 2503 940 2585 sanguini
964 2500 1030 2565 Au·

52 2607 143 2687 gusti
165 2627 224 2690 per
246 2601 518 2673 coniunctionem
542 2605 752 2692 Agrippinae
776 2616 809 2670 et
833 2604 1031 2670 Germanici

52 2708 188 2772 adnexa
222 2729 413 2774 communes
441 2717 642 2796 pronepotes
671 2709 800 2775 habuit.
847 2710 1036 2774 sanctitate

53 2810 168 2875 domus
199 2812 346 2897 priscum
374 2811 419 2876 ad
440 2834 581 2896 morem,
605 2814 708 2878 comis
732 2812 821 2879 ultra
850 2834 949 2899 quam
973 2834 1032 2876 an·
1060 2824 1090 2869 Β

51 2915 155 3000 tiquis
178 2915 310 2981 seminis
334 2916 523 3002 probatum,
545 2927 655 2982 mater
676 2918 850 3003 inpotens,
872 2938 959 2981 uxor
981 2915 1034 2980 fa·

53 3017 127 3083 cilis
153 3027 283 3084 etcum
307 3019 437 3086 artibus
461 3020 589 3104 mariti,
622 3019 835 3086 simulatione
858 3018 920 3085 filii
942 3017 1032 3083 bene

52 3123 249 3207 composita.
288 3123 388 3188 funus
413 3125 484 3188 eius
507 3123 686 3205 modicum,
710 3133 949 3190 testamentum
973 3121 1034 3186 din

12 3257 13 3288 n
53 3226 190 3290 inritum
211 3226 285 3290 fuit.
320 3226 462 3291 laudata
486 3236 537 3291 est
561 3249 620 3312 pro
644 3230 763 3293 rostris
792 3225 923 3292 aGaio
947 3223 1033 3290 an-

12 3375 13 3380 η
53 3350 127 3393 sare
149 3339 342 3414 pronepote,
367 3331 424 3417 qui
446 3350 526 3395 mox
549 3352 659 3394 rerum
681 3332 807 3416 potitus
832 3339 893 3396 est.
1058 3345 1084 3386 υ

12 3457 14 3584 ,
152 3431 183 3495 2.
218 3431 265 3498 At
297 3433 468 3517 Tiberius,
504 3433 594 3519 quod
622 3435 786 3519 supremis
821 3435 855 3499 in
889 3444 1032 3498 matrem

53 3537 171 3603 officiis
197 3535 375 3621 defuisset,
409 3536 494 3603 nihil
528 3546 659 3603 mutata
694 3539 899 3605 amoenitate
928 3539 1031 3621 vitae,

54 3640 323 3727 magnitudinem
350 3642 563 3726 negotiorum
592 3665 651 3728 per
680 3641 813 3708 litteras
843 3643 1030 3726 excusavit,

914 3778 963 3834 14·
