2534 4084
220 313 303 380 XIV
602 311 822 366 recessuum

219 503 282 570 bus
327 505 543 570 continentur
587 526 641 570 res
687 501 729 568 ab
775 505 1030 589 imperatoribus
1076 503 1201 589 Galba,
1257 549 1258 554 κ

221 607 369 692 Othone,
392 605 532 673 Vitellio
562 616 595 673 et
625 632 645 673 a
670 607 777 672 tribus
810 605 941 672 Flaviis
975 607 1201 695 Vespasien0,

219 711 313 795 Tito,
346 711 542 777 Domitiano
578 714 677 777 annis
713 709 841 774 69-96
869 719 997 794 gestae.
1034 712 1096 778 sed
1123 712 1201 799 plus

220 815 429 913 quam-duae
445 825 559 902 partes
580 816 797 882 historiarum
819 816 998 901 iniquitate
1015 825 1203 902 temporum

221 920 432 985 interierunt.
478 941 556 985 nam
594 928 733 986 exstant
770 919 1002 985 tantummodo
1041 928 1203 1006 quattuor

218 1024 316 1108 primi
344 1020 424 1088 libri
455 1032 487 1087 et
510 1025 634 1107 viginti
658 1045 719 1088 sex
743 1024 858 1109 capita
882 1025 989 1109 quinti
1013 1022 1110 1105 libri,
1140 1026 1202 1090 vix
1257 1103 1258 1120 ,

219 1127 275 1213 qui
299 1126 382 1192 duos
405 1124 481 1191 illos
504 1126 628 1193 fatales
653 1148 760 1192 annos
784 1123 826 1189 69
849 1135 884 1191 et
907 1124 949 1192 70
971 1126 1201 1213 complectun·
1257 1121 1258 1192 l

217 1238 282 1294 tur.
327 1230 447 1315 quippe
470 1239 538 1295 tres
562 1231 660 1315 primi
683 1228 765 1295 libri
788 1230 961 1296 continent
993 1253 1047 1296 res
1081 1240 1202 1314 gestas

218 1333 316 1397 unius
352 1333 433 1397 anni
461 1330 502 1395 69
532 1331 630 1398 bellis
661 1334 804 1400 internis
833 1335 1048 1420 externisque
1076 1335 1202 1400 mirum

218 1438 252 1500 in
275 1435 410 1501 modum
433 1435 572 1501 turbati.

321 1537 506 1624 Aliquanto
535 1549 612 1626 post
639 1539 800 1606 historias
816 1539 913 1606 ·editi
943 1551 1021 1606 sunt
1050 1541 1201 1608 sedecim

217 1640 296 1707 libri
331 1640 375 1708 ab
411 1663 552 1710 excessu
591 1642 660 1709 divi
683 1642 829 1728 Augusti
864 1667 953 1710 anno
987 1644 1108 1710 CXVI.
1143 1645 1200 1711 vel

218 1747 316 1811 initio
345 1747 555 1833 insequentis
584 1749 677 1814 anni.
707 1746 828 1834 quibus
850 1747 948 1814 libris
971 1748 1202 1815 conscribitur

217 1850 359 1915 historia
390 1859 548 1937 quattuor
576 1853 813 1938 imperatorum
835 1851 942 1916 Iuliae
971 1861 1004 1917 et
1032 1850 1201 1918 Claudiae

218 1955 329 2037 gentis
345 1952 484 2037 Tiberii,
501 1952 567 2020 Gai
584 1953 741 2020 Caesaris
758 1956 830 2020 sive
846 1952 1034 2038 Caligulae,
1051 1953 1199 2038 Claudii,

217 2057 359 2122 Neronis
383 2056 426 2124 ab
450 2080 539 2124 anno
563 2058 656 2124 XIV.
686 2081 791 2145 usque
821 2057 867 2124 ad
889 2080 1014 2124 annum
1036 2057 1200 2124 LXVIII.
1256 2103 1257 2118 ,

218 2160 339 2226 desunt
360 2163 438 2227 finis
461 2161 540 2228 libri
564 2165 674 2248 quinti
703 2172 735 2229 et
760 2163 892 2228 initium
920 2161 1001 2228 libri
1034 2164 1124 2227 sexti
1159 2163 1198 2228 id

217 2274 269 2329 est
291 2265 448 2330 interitus
473 2263 589 2330 Seiani
612 2274 644 2330 et
669 2287 754 2351 quae
779 2274 977 2351 sequuntur,
1007 2265 1087 2330 item
1115 2264 1198 2330 libri

215 2366 291 2432 VII.
315 2367 407 2432 VIII.
431 2368 491 2433 IX.
508 2368 551 2433 X.
575 2369 772 2455 initiumque
795 2367 874 2434 libri
890 2367 1061 2434 undecimi
1085 2368 1120 2433 id
1145 2379 1198 2434 est

218 2479 324 2535 totum
354 2470 612 2556 quadriennium
636 2471 788 2554 (37-41)
813 2494 877 2559 quo
905 2495 1017 2538 rerum
1043 2472 1198 2557 potieba-

217 2583 271 2638 tur
299 2595 444 2640 vcsanus
474 2572 531 2639 ille
554 2572 712 2660 Caligula
743 2584 777 2641 et
806 2597 866 2642 sex
888 2577 986 2663 primi
1009 2577 1100 2659 anni,
1124 2578 1198 2662 qui-

215 2674 278 2741 bus
315 2678 493 2762 imperavit
539 2676 702 2744 Claudius
745 2680 856 2744 animo
893 2701 1012 2765 parum
1048 2678 1195 2745 validus.

215 2802 323 2866 neque
345 2782 454 2846 minus
471 2781 644 2848 intercidit
666 2782 744 2847 libri
768 2784 858 2847 sexti
874 2782 994 2849 decimi
1017 2783 1105 2866 finis,
1129 2804 1195 2868 quo

217 2884 377 2972 descripti
401 2895 498 2950 erant
524 2885 588 2951 duo
610 2885 719 2951 ultimi
743 2887 823 2951 anni
839 2887 1028 2952 saevissimi
1052 2889 1195 2973 impera·

216 2989 301 3053 toris
324 2988 478 3056 Neronis.
514 2989 605 3076 quod
627 2990 750 3054 attinet
773 2988 820 3053 ad
841 2988 1029 3073 Tiberium,
1053 2988 1194 3056 Tacitus

215 3113 351 3177 prorsus
382 3101 451 3159 stat
480 3092 675 3179 apartibus
700 3094 925 3180 optimatium,
956 3094 1012 3178 qui
1035 3095 1193 3181 principi·

215 3193 277 3260 bus
302 3194 544 3280 adversantur,
573 3197 732 3282 favetque
758 3196 858 3263 rebus
883 3194 1079 3262 Germanici
1108 3199 1193 3263 eius·

216 3319 279 3382 que
301 3299 417 3364 uxoris
433 3297 652 3386 Agmppinae.
677 3322 780 3386 quare
802 3301 850 3382 fit,
873 3309 911 3365 ut
934 3299 1028 3366 illum
1051 3302 1192 3387 impera·

216 3408 323 3466 torem
352 3401 489 3488 eiusque
522 3402 615 3472 facta
649 3411 682 3468 et
714 3402 807 3470 dieta
839 3403 940 3470 nimis
968 3401 1096 3471 laceret
1132 3406 1190 3472 im·

215 3502 410 3590 probetque.
