2552 4084
292 320 338 370 AB
356 319 519 372 Excusso
538 319 696 372 AUGUSTI
714 321 750 372 11.
771 322 883 377 16-20,
1022 321 1061 388 67

81 510 222 598 quidam
245 513 335 598 turpi
357 511 438 596 fuga
461 512 496 576 in
519 533 647 577 summa
670 511 826 578 arborum
854 516 920 579 nisi
943 516 1062 582 ramis·
1090 532 1115 572 2⁵

82 637 148 700 que
180 637 216 679 se
245 615 457 681 occultantes
487 615 631 681 admotis
662 618 851 700 sagittariis
889 640 948 704 per
976 617 1062 684 ludi-

80 718 197 783 briu'm
212 717 415 803 figebantur,
439 719 525 784 alios
546 729 705 806 prorutae
728 719 866 786 arbores
889 721 1061 788 adflixere.

190 819 240 886 18.
263 821 390 907 Magna
420 845 459 887 ea
482 825 630 890 victoria
658 845 765 911 neque
794 834 934 890 cruenta
963 826 1060 891 nobis

80 926 157 990 fuit.
183 927 300 1012 quinta
325 926 368 992 ab
391 925 475 991 hora
500 926 567 992 diei
596 927 642 991 ‘ad
662 937 797 992 noctem
824 930 918 993 caesi
946 929 1060 995 hostes

82 1031 203 1097 decem
241 1031 335 1097 milia
366 1052 526 1117 passuum
563 1031 786 1097 cadaveribus
821 1041 922 1118 atque
956 1035 1059 1099 armis

81 1134 272 1222 opplevere,
287 1135 430 1221 repertis
453 1135 541 1200 iuter
557 1134 664 1220 spolia
681 1157 794 1200 eorum
810 1138 951 1221 catenis,
975 1158 1059 1223 quas

80 1241 117 1304 in
151 1239 319 1305 Romanos
359 1248 397 1304 ut
434 1259 502 1303 nou
542 1238 642 1303 dubio
678 1248 799 1305 eventu
830 1249 1058 1326 portaverant.
1086 1257 1099 1297 ⁵

78 1342 179 1408 miles
210 1344 245 1407 in
272 1341 347 1408 loco
375 1343 494 1429 proelii
517 1343 689 1410 Tiberium
711 1345 946 1430 imperatorem
971 1343 1058 1410 salu·

79 1449 171 1513 tavit
196 1449 384 1535 struxitque
401 1467 561 1533 aggerem
574 1458 607 1513 et
630 1449 664 1513 in
687 1447 822 1513 modum
844 1458 1058 1535 tropaeorum

78 1574 176 1618 arma
200 1550 399 1637 subscriptis
422 1554 587 1618 victarum
611 1554 760 1636 gentium
781 1553 972 1620 nominibus
995 1555 1057 1618 im·

75 1656 201 1742 posuit.

187 1757 235 1821 19.
259 1757 362 1824 Haud
382 1759 523 1846 perinde
549 1757 735 1827 Germanos
758 1751 911 1846 aulnera,
934 1762 1055 1847 luctus,

78 1861 217 1928 excidia
240 1885 340 1949 quam
364 1885 403 1928 ea
420 1864 550 1949 species
568 1863 682 1930 dolore
706 1873 739 1929 et
762 1867 813 1930 ira
837 1865 975 1932 adfecit.
999 1869 1056 1954 qui

76 1964 178 2030 modo
203 1964 297 2031 abire
321 1965 468 2048 sedibus,
492 1975 586 2032 trans
610 1965 724 2034 Albim
747 1969 935 2034 concedere
956 1993 1055 2056 para·

76 2070 179 2153 bant,
213 2090 361 2156 pugnam
382 2069 510 2154 volunt,
534 2093 628 2136 arma
651 2074 805 2158 rapiunt3
840 2072 955 2158 plebes
988 2075 1055 2160 pri·

76 2195 205 2256 mores,
240 2174 394 2238 iuventus
425 2195 521 2238 senes
552 2194 674 2258 agmen
702 2175 889 2242 Romanum
915 2186 1054 2262 repente
1082 2187 1094 2228 ⁵

75 2279 264 2359 incursant,
280 2275 429 2342 turbant.
444 2286 613 2362 postremo
630 2277 782 2361 deligunt
798 2277 910 2344 locum
920 2279 1055 2346 flumine

77 2388 110 2445 et
135 2379 232 2445 silvis
255 2378 423 2462 clausum,
458 2390 533 2445 arta
563 2381 655 2446 intus
686 2380 828 2466 planitie
861 2392 893 2447 et
923 2383 1054 2449 umida:

76 2482 183 2548 silvas
207 2504 337 2568 quoque
364 2482 530 2568 profunda
553 2483 651 2569 palus
675 2484 841 2569 ambibat,
875 2487 942 2550 nisi
965 2487 1054 2572 quod

75 2586 166 2652 latus
190 2608 293 2653 unum
308 2586 503 2672 Angrivarii
525 2586 596 2654 lato
620 2609 745 2672 aggere
762 2589 965 2674 extulerant,
982 2584 1053 2676 'quo

76 2687 295 2755 aCheruscis
321 2689 565 2758 dirimerentur.
589 2693 643 2758 hic
666 2693 770 2778 pedes
787 2693 938 2760 adstitit:
962 2695 1052 2781 equi·
1081 2705 1106 2745 1⁰

75 2803 144 2858 tem
172 2795 368 2880 propinquis
398 2793 483 2860 lucis
507 2805 637 2880 texere,
670 2806 707 2861 ut
738 2799 901 2881 ingressis
932 2798 1053 2867 silvam

75 2895 266 2981 legionibus
291 2919 311 2961 a
334 2907 431 2982 tergo
454 2899 551 2964 foret.

181 2998 232 3065 20.
255 3000 347 3066 Nihil
371 3025 413 3066 ex
436 3001 487 3066 his
504 2999 644 3068 Caesari
660 3005 885 3089 incognitum:
908 3007 1051 3073 consilia

75 3105 185 3189 locos,
213 3113 367 3191 prompta
392 3105 524 3170 occulta
547 3116 689 3172 noverat
718 3119 879 3194 astusque
906 3110 1051 3176 hostium

76 3212 108 3273 in
131 3209 315 3294 perniciem
338 3208 421 3293 ipsis
444 3208 609 3275 vertebat.
645 3208 722 3276 Seio
744 3211 914 3278 Tuberoni
936 3212 1050 3298 legato

76 3311 179 3377 tradit
205 3312 348 3396 equitem
371 3332 605 3400 campumque3
627 3313 778 3401 peditum
801 3316 907 3380 aciem
929 3316 978 3379 ita
1001 3317 1050 3382 in-

75 3415 216 3498 struxit,
244 3422 281 3479 ut
303 3434 381 3501 pars
406 3436 511 3502 aequo
542 3419 576 3482 in
600 3417 721 3483 silvam
743 3418 838 3484 aditu
867 3418 1049 3505 incederet,
1075 3442 1088 3482 s

74 3540 151 3605 pars
177 3517 345 3585 obiectum
375 3540 535 3605 aggerem
563 3523 761 3608 eniteretur3
790 3522 879 3609 quod
908 3523 1049 3590 arduum

75 3623 150 3706 sibi,
174 3631 288 3686 cetera
310 3621 433 3706 legatis
456 3626 620 3708 permisit.
649 3625 769 3712 quibus
797 3625 901 3711 plana
931 3648 1048 3692 evene·
1132 3611 1136 3620 ⁴

965 3761 996 3812 δὴ
