2534 4084
267 321 313 374 AB
331 321 496 377 EXCESSU
515 322 673 376 AUGUSTI
690 325 712 375 I.
732 323 843 379 10-13.
887 343 899 352 ·
1005 323 1042 387 11

49 511 315 600 addideratque
347 514 524 580 consilium
546 514 726 581 coercendi
761 517 850 581 intra
884 515 1045 579 terminos

51 618 209 702 imperii,
232 617 397 684 incertum
419 628 510 685 metu
540 642 583 686 an
606 641 667 705 per
690 617 863 684 invidiam.

170 719 223 785 12.
246 720 340 787 Inter
355 743 441 808 quae
457 731 577 789 senatu
588 721 639 788 ¹ad
654 722 785 788 infimas
803 719 1047 786 obtestationes

56 823 319 908 procumbente,
344 823 432 890 dixit
461 825 547 892 forte
569 823 726 892 'liberius
762 847 798 891 se
825 834 862 890 ut
894 845 961 888 non
984 824 1048 889 toti

57 928 111 992 rei
147 926 310 1013 publicae
346 949 472 1014 parem,
511 929 560 994 ita
598 950 826 1016 quaecumque
863 950 943 1014 pars
982 927 1047 992 sibi

58 1029 299 1114 mandaretur,
316 1032 387 1097 eius
403 1031 545 1097 tutelam
561 1042 804 1120 suscepturum.
820 1040 892 1097 tum
908 1029 1047 1099 Asinius

61 1132 191 1200 Gallus
210 1132 406 1220 ‘interrogo'
442 1137 561 1222 inquit,
591 1133 744 1220 ‘Caesam
779 1157 879 1223 quam
910 1143 1043 1221 partem
1072 1165 1083 1203 s

61 1239 115 1304 rei
139 1237 299 1324 publicae
327 1239 481 1306 mandari
511 1239 575 1306 tibi
598 1239 705 1306 velis'.
733 1238 908 1328 perculsus
938 1240 1048 1324 inpro-

62 1344 142 1407 visa
166 1343 434 1428 interrogatione
455 1343 593 1430 paulum
616 1344 769 1411 reticuit:
798 1343 875 1409 dein
904 1341 1048 1407 collecto

64 1447 182 1511 animo
205 1446 379 1534 respondit
400 1469 612 1535 nequaquam
647 1447 805 1513 decorum
837 1444 959 1532 pudori
990 1467 1049 1510 suo

66 1547 186 1634 legere
209 1548 338 1636 aliquid
354 1560 413 1616 aut
429 1553 558 1618 evitare
582 1574 625 1617 ex
648 1573 698 1636 eo,
721 1553 776 1619 oui
798 1552 833 1615 in
855 1550 1051 1615 universum

66 1653 230 1717 excusari
245 1651 372 1720 mallet.
396 1675 529 1720 rursum
545 1651 666 1719 Gallus
684 1655 821 1735 (etenim
836 1652 932 1718 vultu
949 1652 1049 1718 offen·
1076 1683 1101 1721 ro

68 1757 200 1824 sionem
241 1758 507 1839 coniectaverat)
540 1780 608 1824 non
642 1757 770 1824 idcirco
805 1758 1052 1841 interrogatum

69 1861 129 1942 ait,
152 1868 192 1924 ut
222 1859 387 1926 divideret
412 1882 498 1947 quae
522 1863 674 1948 separari
696 1863 884 1948 nequirent,
920 1859 981 1925 sed
1014 1867 1051 1924 ut

70 1984 132 2027 sua
155 1962 367 2029 confessione
383 1975 591 2050 argueretur,
608 1957 716 2032 ¹unum
734 1989 807 2032 esse
830 1962 1052 2050 reipublicae

68 2087 191 2153 corpus
236 2076 337 2152 atque
382 2068 480 2134 unius
520 2071 632 2135 animo
675 2069 870 2154 regendum.
918 2065 1052 2132 addidit

70 2167 207 2235 laudem
224 2169 265 2235 de
283 2170 434 2256 Augusto
453 2171 690 2260 Tiberiumque
705 2175 816 2260 ipsum
832 2172 1052 2238 victoriarum
1079 2199 1103 2238 rs

72 2295 211 2338 suarum
244 2273 394 2361 quaeque
428 2277 463 2342 in
497 2286 578 2361 toga
607 2299 667 2363 per
689 2286 740 2343 tot
774 2299 881 2344 annos
916 2275 1053 2359 egregie

72 2377 210 2443 fecisset
247 2377 432 2445 admonuit.
476 2402 539 2446 nec
576 2380 652 2445 ideo
690 2381 776 2446 iram
820 2382 890 2445 eius
924 2376 1054 2460 lenivit,

73 2480 204 2567 pridem
226 2481 368 2566 invisus,
401 2492 573 2570 tamquam
608 2483 710 2549 ducta
740 2485 775 2549 in
804 2482 1054 2549 matrimonium

73 2584 240 2671 Vipsania
262 2583 308 2649 M.
331 2586 504 2673 Agrippae
525 2585 608 2669 filia,
632 2610 718 2673 quae
742 2585 911 2672 quondam
926 2582 1054 2649 Tiberii

74 2709 161 2752 uxor
182 2686 304 2770 fuerat,
326 2687 401 2774 plus
426 2711 525 2776 quam
555 2688 672 2756 civilia
700 2691 848 2775 agitaret
878 2685 1054 2754 Pollionis·
1081 2714 1107 2754 so

75 2811 138 2876 que
160 2787 273 2855 Asinii
295 2793 404 2876 patris
427 2792 588 2859 ferociam
610 2793 783 2860 retineret.

179 2891 230 2958 13.
253 2894 333 2960 Post
356 2916 442 2981 quae
458 2896 499 2961 L.
516 2895 698 2962 Arruntius
714 2895 806 2964 haud
827 2894 969 2963 multum
986 2893 1053 2959 dis·

76 3019 218 3083 crepans
241 3020 262 3062 e
286 2995 379 3063 Galli
403 3001 555 3066 oratione
582 2999 722 3087 perinde
757 2999 905 3081 offendit,
941 3019 1054 3084 quam·

77 3123 176 3188 quam
197 3097 334 3166 Tiberio
363 3100 459 3168 nulla
481 3112 579 3169 vetus
609 3106 644 3168 in
666 3101 866 3168 Arruntium
895 3103 963 3166 ira:
994 3099 1056 3164 sed

79 3205 227 3286 divitem,
250 3214 458 3291 promptum,
481 3205 613 3273 artibus
636 3207 782 3291 egregiis
806 3216 839 3271 et
867 3206 941 3291 pari
964 3202 1056 3267 fama

78 3305 227 3396 publice,
262 3307 492 3394 suspectabat.
526 3310 647 3395 quippe
680 3307 855 3393 Augustus
891 3305 1054 3392 supremis
1081 3327 1094 3368 a

81 3408 288 3477 sermonibus
311 3432 388 3477 cum
411 3420 586 3497 tractaret,
611 3412 748 3498 quinam
765 3411 910 3498 adipisci
932 3409 1055 3495 princi-

81 3535 152 3602 pem
174 3511 285 3579 locum
302 3515 473 3581 suffecturi
489 3514 677 3581 abnuerent
700 3524 758 3581 aut
780 3515 914 3600 inpares
931 3511 1056 3578 vellent

83 3615 133 3682 vel
154 3616 259 3682 iidem
274 3628 411 3703 possent
425 3628 662 3706 cuperentque,
673 3617 729 3684 Μ’.
741 3617 909 3704 Lepidum
922 3614 1057 3682 dixerat
