2534 4084
228 279 414 348 xxxvfll
601 281 835 334 ARGUMENTA.

227 472 393 538 violenter
427 472 579 558 increpat
604 482 637 538 et
658 474 765 560 punit.
804 473 925 538 iisdem
952 473 1076 542 litteris
1099 478 1214 543 Paco-

228 577 349 641 nianus
372 575 548 662 perculsus
578 577 778 664 supplicium
807 577 934 662 effugit.
957 617 999 626 —
1028 580 1057 645 4.
1086 581 1215 648 Latia-

228 702 298 744 rem
321 691 460 746 accusat
474 701 597 764 magno
615 683 739 766 gaudio
754 692 896 768 patrum.
922 683 1101 751 discidium
1127 709 1215 752 con·

229 783 337 850 sulum
371 785 492 872 prioris
527 785 608 850 anni
637 785 735 851 sedat
762 786 942 851 Maximus.
971 825 1012 832 -
1042 788 1071 852 5.
1100 787 1217 856 Cotta

227 886 430 953 Messalinus
447 899 626 956 accusatus
644 888 841 955 absolvitur.
864 927 906 936 —
922 889 952 954 6.
975 890 1101 956 Tiberii
1127 915 1217 958 con-

229 992 349 1076 fessi03
372 1002 591 1078 tyrannorum
622 991 757 1056 occulta
786 992 961 1078 supplicia.
995 1030 1037 1039 -
1067 994 1096 1059 7.
1121 995 1218 1062 Cae-

228 1096 382 1176 cilianus,
408 1096 592 1180 Servaeus,
614 1096 778 1161 Thermus
804 1096 955 1162 damnati
978 1099 1149 1186 tractique
1177 1104 1217 1166 in

228 1198 370 1265 eundem
403 1223 519 1266 casum
551 1200 620 1265 alii.
656 1201 790 1266 infimae
825 1199 1012 1266 delationes
1047 1203 1152 1268 etiam
1193 1229 1217 1270 a

229 1302 431 1387 primoribus
455 1305 637 1370 exercitae.
660 1342 702 1350 -—
730 1303 749 1366 8
774 1315 806 1370 et
829 1306 859 1369 9.
884 1303 929 1368 M.
953 1303 1135 1370 Terentius
1161 1307 1214 1372 ob

229 1402 342 1470 Seiani
371 1409 557 1474 amicitiam
590 1418 771 1474 accusatus
802 1410 937 1492 egregie
968 1406 1141 1497 libereque
1174 1435 1218 1476 se

229 1510 379 1577 defendit
395 1521 435 1576 'et
458 1510 657 1596 absolvitur,
680 1522 897 1578 accusatores
921 1511 1114 1577 multantur.
1148 1513 1217 1579 Vi-

229 1615 338 1680 stilius
363 1638 398 1680 se
422 1617 594 1681 interimit.
619 1618 687 1680 iam
709 1615 822 1702 plures
846 1617 1032 1681 acervatim
1046 1617 1217 1682 maiesta-

228 1721 272 1784 tis
297 1719 458 1784 accusati.
486 1755 528 1764 -
560 1715 609 1783 10.
639 1719 784 1784 feminae
814 1740 944 1806 quoque
965 1718 1009 1804 ob
1044 1716 1214 1786 lacrimas

228 1824 413 1888 incusatae.
459 1822 604 1887 Flaccus
635 1844 675 1887 ac
704 1822 857 1888 Marinus
886 1821 931 1887 ad
958 1831 1099 1887 mortem
1122 1826 1213 1888 acti.

226 1924 266 1989 L.
296 1925 427 1990 Pisonis
457 1926 625 2010 pontificis
654 1947 742 1991 mors
774 1935 806 1990 et
829 1925 927 1989 funus
957 1925 1139 2012 publicum.
1164 1964 1214 1973 —

229 2029 278 2092 11.
302 2029 535 2114 praefecturae
563 2026 656 2094 urbis
682 2031 775 2112 origo
800 2039 833 2093 et
855 2049 1063 2114 progressus.
1087 2066 1129 2074 -
1157 2033 1214 2095 12.

229 2131 270 2194 de
305 2130 481 2216 Sibyllinis
516 2131 721 2197 carminibus
751 2130 965 2197 consultatio.
989 2169 1030 2177 —
1055 2132 1104 2196 13.
1129 2135 1213 2200 sed-

227 2236 287 2298 itio
310 2234 437 2298 Romae
474 2235 515 2301 ob
545 2236 725 2301 caritatem
747 2257 903 2301 annonae
926 2247 1044 2302 exorta
1071 2247 1213 2303 coerce-

227 2347 291 2403 tur.
315 2336 423 2400 -14,
448 2347 516 2403 tres
548 2341 676 2426 equites
706 2339 849 2403 Romani
875 2341 1116 2405 coniurationis
1141 2345 1213 2406 cri-

227 2441 481 2506 mineoadunt.
509 2441 654 2507 Rubrius
677 2441 831 2507 Fabatus
860 2467 880 2508 a
909 2443 993 2508 freto
1018 2441 1128 2510 Siculo
1155 2468 1213 2510 re-

227 2543 382 2610 trahitur.
1185 2535 1207 2570 ”
1261 2617 1262 2624 ¹

334 2649 383 2712 15.
408 2647 601 2714 Germanici
624 2649 715 2714 filiae
730 2647 883 2714 Drusilla
907 2659 939 2714 et
955 2648 1042 2714 Iulia
1064 2650 1104 2714 L.
1121 2649 1210 2717 Cas·
1261 2647 1262 2656 ¹

228 2755 277 2817 sio
308 2762 342 2817 et
364 2752 409 2816 M.
432 2752 566 2818 Vinicio
596 2751 794 2819 collocatae.
824 2790 865 2798 -
897 2751 945 2816 16.
974 2754 1209 2820 faeneratores

228 2858 396 2940 accusati3
420 2878 593 2942 repressae
613 2878 746 2922 usurae.
769 2892 811 2902 —
837 2855 885 2920 17.
910 2857 1022 2942 inopia
1038 2857 1088 2922 rei
1109 2881 1209 2922 num-

227 2962 356 3026 mariae
379 2958 587 3024 liberalitate
611 2959 769 3026 Caesaris
800 2959 930 3025 tollitur
952 2959 1101 3046 fidesque
1127 2961 1207 3026 refi-

227 3064 325 3128 citur.
349 3100 391 3108 -
416 3063 455 3127 18
479 3073 512 3128 et
537 3061 586 3128 19.
611 3065 733 3130 iterum
749 3065 985 3131 accusationes
1001 3066 1205 3129 maiestatis.

228 3189 341 3232 omnes
367 3168 541 3232 societatis
565 3190 642 3234 cum
658 3166 780 3233 Seiano
804 3170 853 3233 rei
868 3169 903 3231 in
920 3190 1056 3235 carcere
1079 3171 1206 3234 necati.
1260 3207 1261 3234 r

230 3271 375 3336 saevitia
398 3279 571 3336 crescente
592 3272 766 3338 miseratio
790 3281 934 3337 arcetur.
957 3308 999 3317 —
1022 3269 1072 3336 20.
1098 3270 1205 3338 Gaius

228 3373 356 3439 Caesar
384 3372 562 3440 Claudiam
595 3397 735 3441 uxorem
772 3375 875 3442 ducit.
907 3375 1034 3442 Tiberii
1067 3399 1204 3462 praesa-

229 3481 319 3562 gium
345 3479 385 3544 de
409 3477 525 3544 Servio
551 3477 673 3545 Galba.
697 3516 739 3525 —
762 3479 812 3543 21.
836 3479 1007 3545 Thrasulli
1031 3503 1088 3546 ars
1104 3479 1203 3546 Chal-

230 3581 331 3667 daea,
360 3605 459 3670 quam
482 3581 638 3649 Tiberius
665 3582 774 3648 Rhodi
805 3585 985 3670 experitur.
1015 3620 1057 3629 -
1086 3585 1137 3650 22.
1163 3584 1203 3650 de
