2534 4084
272 300 318 350 As
337 297 501 350 excessu
518 283 676 348 suousrr
694 297 716 348 1.
736 298 846 348 19-23.
1003 299 1041 364 17

56 502 133 560 tum
148 492 266 577 legato
290 514 309 556 a
325 486 580 554 centurionibus
598 497 630 553 et
647 489 771 573 optimo
788 507 919 573 quoque
933 491 1039 555 mani·
1066 500 1079 540 ⁵

55 597 235 682 pulerium
271 594 464 680 parebatur.
489 592 539 658 illi
564 591 672 659 obniti
695 589 922 677 trahentibus,
944 614 1042 679 pren·

61 722 141 764 sare
166 699 459 764 circumstantium
494 717 617 780 genua,
651 697 741 762 ciere
773 695 872 762 modo
905 697 1043 762 nomina

62 801 286 887 singulorum,
309 800 408 867 modo
432 801 619 865 centuriam
648 800 742 864 cuius
773 801 915 886 quisque
936 801 1042 864 mani·

60 905 196 991 pulcris
221 913 304 987 erat,
327 904 508 986 cohortem,
532 903 709 987 legionem,
740 902 858 968 eadem
888 903 1043 970 omnibus

62 1009 232 1075 inminere
264 1009 490 1073 clamitantes.
535 1005 633 1072 simul
667 1006 791 1092 probra
824 1008 860 1072 in
893 1006 1043 1091 legatum
1070 1014 1096 1054 ¹⁰

60 1111 252 1190 cumulant,
275 1110 406 1177 caelum
434 1131 475 1176 aa
501 1110 581 1175 deos
604 1109 829 1194 obtestantur,
856 1109 943 1176 nihil
965 1109 1042 1176 reli·

63 1217 122 1302 qui
166 1215 296 1281 faciunt
334 1236 398 1300 quo
434 1215 545 1279 minus
580 1212 744 1280 invidiam
776 1211 1043 1279 misericordiam

61 1327 191 1384 metum
215 1327 248 1383 et
271 1319 340 1383 iras
363 1325 605 1404 permoverent.
628 1316 822 1383 adcurritur
844 1315 888 1382 ab
910 1317 1043 1382 univer·

65 1423 124 1503 sis,
150 1430 184 1486 et
207 1443 343 1488 carcere
367 1419 504 1486 effracto
528 1418 663 1485 solvunt
679 1419 814 1485 vincula
839 1419 1043 1487 desertores·

65 1547 132 1611 qne
171 1546 212 1590 ae
255 1546 367 1592 rerum
409 1521 607 1609 capitalium
645 1522 823 1589 damnatos
867 1523 933 1589 sibi
976 1526 1096 1590 iam1⁵

67 1631 224 1694 miscent.

172 1732 224 1798 22.
257 1732 479 1816 Flagrantior
515 1732 594 1798 inde
632 1732 695 1815 vis,
732 1730 845 1818 plures
884 1731 1044 1797 seditioni

67 1836 182 1902 duces.
212 1844 245 1900 et
260 1835 448 1903 Vibulenus
472 1834 609 1924 quidam
632 1836 809 1920 gregarius
832 1833 940 1918 miles,
964 1844 1043 1901 ante

65 1938 221 2004 tribunal
242 1938 358 2004 Blaesi
388 1939 566 2005 adlevatus
598 1939 889 2005 circumstantium
909 1941 1044 2022 umeris,

66 2041 160 2126 apud
174 2038 330 2106 turbatos
347 2051 380 2107 et
397 2040 478 2129 quid
492 2051 630 2129 pararet
647 2043 795 2107 intentos
812 2038 887 2107 ‘vos
901 2039 1042 2129 quidem'

66 2145 178 2231 inquit
196 2141 263 2209 ‘his
298 2143 534 2211 innocentibus
570 2154 604 2210 et
636 2144 834 2210 miserrimis
867 2143 977 2211 lucem
1010 2154 1044 2210 et
1071 2148 1082 2186 ⁵

67 2247 225 2332 spiritum
258 2247 472 2314 reddidistis:
507 2247 568 2313 sed
601 2249 676 2333 quis
699 2248 798 2313 fratri
831 2269 904 2314 meo
928 2249 1044 2333 vitam,

67 2351 143 2436 quis
167 2349 305 2415 fratrem
328 2350 409 2416 mihi
432 2349 567 2416 reddit?
591 2372 690 2437 quem
711 2352 850 2417 missum
872 2351 917 2417 ad
940 2373 1000 2418 vos
1024 2375 1044 2417 a

68 2451 272 2518 Germanico
317 2455 469 2520 exercitu
514 2453 555 2519 de
593 2452 824 2521 communibus
861 2455 1044 2521 commodis

65 2566 167 2621 noete
181 2558 337 2642 proxima
352 2556 519 2641 iugulavit
541 2579 602 2644 per
617 2557 825 2641 gladiatores
849 2580 938 2642 suos,
962 2580 1044 2645 quos

66 2661 101 2723 in
126 2660 269 2724 exitium
290 2658 435 2725 militum
457 2659 560 2726 habet
591 2669 693 2747 atque
716 2670 836 2726 armat.
866 2661 1044 2748 responde,
1071 2663 1097 2703 ¹⁰

66 2762 200 2845 Blaese,
223 2761 282 2826 ubi
304 2761 452 2828 cadaver
475 2762 658 2829 obieceris:
692 2787 735 2830 ne
765 2765 880 2832 hostes
911 2765 1046 2850 quidem
1079 2769 1082 2776 “

68 2863 245 2951 sepultura
268 2865 432 2931 invident.
456 2887 532 2931 eum
555 2866 692 2951 osculis,
715 2889 791 2932 cum
814 2867 963 2933 lacrimis
988 2867 1045 2934 do·

67 2967 176 3033 lorem
199 2989 307 3033 meum
331 2967 523 3054 implevero,
546 2991 599 3035 me
615 2991 745 3057 quoque
768 2969 934 3036 trucidari
956 2971 1044 3054 iube,

68 3070 149 3135 dum
163 3071 359 3136 interfectos
374 3070 503 3137 nullum
519 3071 562 3137 ob
579 3072 699 3157 scelus,
724 3073 785 3139 sed
808 3075 887 3160 quia
902 3074 1045 3140 utilitati

66 3172 239 3258 legionum
262 3173 532 3256 consulebamus,
554 3176 589 3242 hi
614 3173 801 3263 sepeliant’.
1071 3177 1097 3218 ¹⁵

171 3274 224 3339 23.
246 3275 456 3343 Incendebat
478 3276 562 3344 haec
585 3279 666 3344 fletu
689 3290 722 3345 et
744 3290 861 3366 pectus
884 3288 986 3366 atque
1009 3302 1045 3344 os

68 3378 229 3444 manibus
267 3379 465 3447 verberans.
502 3404 582 3448 mox
624 3382 776 3449 disiectis
810 3404 950 3470 qnorum
985 3405 1046 3468 per
1081 3453 1083 3458 ,

68 3504 203 3549 umeros
219 3480 461 3568 sustinebatur,
484 3504 647 3571 praeceps
672 3494 704 3550 et
729 3487 937 3570 singulorum
952 3485 1045 3571 pedi·

69 3585 133 3652 bus
156 3584 340 3651 advolutus
364 3594 496 3651 tantum
520 3590 806 3654 consternationis
831 3588 1047 3675 invidiaeque

120 3719 239 3762 'ructuas
260 3719 278 3763 1‘.
794 3751 795 3754 η
962 3711 977 3758 2
