2534 4084
269 948 828 1074 PROOEMIUM.

449 1121 652 1253 Τ
843 1289 845 1294 .

81 1308 128 1373 De
150 1305 321 1373 historicis
343 1305 504 1379 Romanis,
528 1305 582 1390 qui
605 1305 680 1372 ante
703 1305 847 1374 Tacitum
869 1306 1012 1372 fuorunt.

165 1461 306 1527 Romani
336 1462 402 1526 iam
432 1461 675 1547 antiquissimis
706 1461 910 1548 temporibus
940 1461 1038 1526 dedc-

62 1577 140 1633 runt
169 1586 304 1652 operam
342 1565 503 1630 historiae
532 1564 750 1649 scribendae,
788 1588 873 1652 quae
906 1565 1040 1653 quidem

63 1691 118 1737 ars
159 1671 246 1736 siout
285 1667 436 1755 reliquae
472 1670 577 1755 primo
608 1668 803 1755 imperfecta
838 1679 926 1753 erat3
960 1691 1038 1734 nam

61 1774 248 1862 pontifices,
271 1795 372 1860 penes
390 1794 471 1859 quos
487 1771 650 1838 historiae
667 1771 868 1839 scribendae
884 1781 1035 1859 potestas

62 1879 143 1961 fuit,
180 1900 220 1943 ea
243 1876 487 1959 tantummodo,
521 1899 607 1962 quae
631 1876 772 1961 singulis
797 1878 895 1941 annis
919 1898 1039 1941 memo·

65 1991 142 2048 ratu
168 1980 271 2065 digna
299 1980 392 2047 facta
421 1991 534 2063 erant,
563 1983 707 2067 posteris
737 1979 960 2048 tradiderunt.
1004 1977 1039 2042 hi

60 2087 140 2152 libri
164 2084 304 2150 annales
319 2085 515 2171 pontificum
529 2084 583 2150 vel
607 2084 748 2150 annales
763 2086 902 2151 maximi
925 2082 1038 2170 appel·

60 2189 231 2256 labantur.
255 2209 340 2274 quae
357 2187 564 2253 consuetudo
588 2187 630 2253 ab
647 2190 891 2275 antiquissimis
908 2198 1032 2275 tempo·

61 2293 153 2359 ribus
188 2313 292 2377 usque
326 2290 370 2357 ad
404 2291 529 2357 bellum
562 2293 726 2359 Punicum
759 2293 944 2359 secundum
977 2315 1036 2379 per

61 2398 207 2484 quinque
235 2393 372 2461 saecula
403 2394 547 2460 duravit.
593 2405 663 2461 tum
687 2396 818 2462 demum
841 2418 908 2461 non
932 2396 1039 2462 solum
1090 2443 1091 2447 ,

60 2500 237 2586 pontifices
275 2499 334 2565 sed
372 2501 474 2564 etiam
518 2499 651 2586 profani
688 2523 741 2565 res
776 2510 890 2585 gestas
924 2499 1040 2586 populi

62 2603 204 2668 Romani
227 2600 435 2687 perscribere
465 2601 678 2685 studuerunt,
709 2602 808 2690 idque
832 2606 897 2687 ita,
926 2613 961 2668 ut
985 2626 1038 2668 ra·

61 2709 189 2771 tionem
217 2704 350 2770 illorum
372 2706 573 2789 retinerent,
603 2729 667 2792 qua
693 2706 734 2772 de
757 2728 860 2772 causa
884 2705 1037 2791 „annali-

62 2809 155 2875 stae”
180 2818 216 2874 ut
239 2809 289 2873 ita
307 2807 418 2874 dicam
439 2810 604 2875 nominati
628 2820 715 2876 sunt.
740 2812 917 2876 materiam
939 2833 1038 2896 porro

63 2935 161 2998 quam
178 2908 375 2977 tractabant
398 2912 432 2976 in
449 2920 517 2976 tres
541 2921 655 2998 partes
679 2912 875 2996 diviserunt,
900 2937 1039 3001 quarum

61 3018 169 3102 prima
193 3013 409 3096 enarrabant,
434 3036 497 3101 quo
521 3014 619 3080 modo
643 3015 748 3082 Roma
772 3016 910 3083 condita
934 3027 1034 3101 esset,

62 3119 168 3184 altera
191 3117 368 3184 historiam
390 3120 590 3205 antiquioris
621 3123 743 3186 aetatis
774 3121 895 3188 leviter
917 3132 1035 3207 tange·

62 3221 161 3305 bant,
195 3223 298 3287 tertia
332 3242 418 3307 quae
452 3224 521 3287 suis
558 3224 763 3309 temporibus
803 3226 897 3291 facta
930 3236 1037 3308 erant,

62 3326 228 3392 uberrime
244 3326 424 3392 memoriae
439 3325 639 3412 prodebant.
662 3329 762 3413 primi
779 3328 912 3394 iliorum
933 3329 1037 3395 histo·

63 3432 207 3496 ricorum
229 3453 283 3496 res
307 3440 422 3514 gestas
445 3428 559 3521 populi
582 3429 724 3496 Romani
748 3453 871 3516 graece
895 3435 1035 3519 seripse-

62 3541 153 3616 runt,
177 3535 256 3621 qnia
279 3533 397 3618 lingua
419 3532 529 3600 latina
557 3543 629 3601 tum
651 3535 745 3601 rudis
775 3546 808 3602 et
838 3537 1035 3623 imperfecta

65 3646 145 3706 erat.

931 3759 962 3811 a*
1028 3797 1032 3826 ,
