2552 4084
290 331 336 381 AB
354 331 518 383 Excussu
536 329 696 383 AUGUSTI
713 332 734 382 1.
754 331 865 382 ‘tt-80.
1025 329 1068 394 55

89 521 279 609 publicam,
314 522 380 587 nisi
408 521 591 587 vicensimo
620 519 763 587 militiae
796 542 885 586 anno
914 523 1067 587 veterani

91 625 352 691 dimitterentur.
386 625 435 690 ita
463 626 637 710 proximae
667 624 843 690 seditionis
871 625 960 690 male
989 645 1067 691 con·

91 727 188 812 sulta,
213 728 334 814 quibus
358 726 505 793 sedecim
529 727 773 813 stipendiorum
801 728 901 793 finem
931 750 1066 814 expres-

91 841 217 915 serant,
241 829 370 896 abolita
394 832 428 896 in
451 841 633 916 posterum.
1094 847 1120 888 1⁰

192 932 244 997 79.
268 933 391 999 Actum
415 933 537 999 deinde
565 935 601 999 in
631 944 752 1000 senatu
782 935 825 1001 ab
848 935 1010 1002 Arruntio
1033 944 1067 1000 et

89 1038 204 1121 Ateio,
240 1059 284 1102 an
321 1037 363 1102 ob
392 1038 617 1103 moderandas
651 1039 785 1104 Tiberis
820 1038 1067 1105 exundationes

87 1151 303 1207 verterentur
323 1141 461 1206 flumina
490 1151 523 1206 et
553 1140 666 1224 lacus,
696 1164 756 1228 per
778 1165 861 1229 quos
896 1145 1068 1227 augescit3

86 1244 293 1330 auditaeque
308 1245 567 1330 municipiorum
585 1255 618 1310 et
634 1245 844 1311 coloniarum
866 1246 1067 1331 legationes,

87 1347 266 1415 orantibus
282 1347 502 1430 Florentinis,
523 1371 566 1414 ne
582 1348 700 1415 Clanis
717 1350 816 1416 solito
834 1350 931 1415 alveo
957 1349 1066 1416 demo·
1094 1364 1107 1404 ⁵

87 1463 144 1518 tus
168 1452 205 1517 in
222 1473 352 1517 amnem
368 1451 498 1518 Arnum
513 1452 755 1518 transferretur
777 1453 879 1540 idque
895 1456 978 1540 ipsis
993 1477 1068 1541 per-

85 1557 212 1621 niciem
235 1553 392 1621 adferret.
417 1557 640 1640 congruentia
662 1555 715 1622 his
731 1556 982 1624 Interamnates
1000 1558 1067 1624 dis·

87 1681 243 1725 seruere:
268 1679 403 1745 pessum
424 1659 531 1723 ituros
554 1659 814 1726 fecundissimos
835 1660 958 1726 Italiae
980 1685 1067 1727 cam-

84 1785 159 1850 pos,
191 1763 220 1826 si
250 1764 356 1828 amnis
379 1763 450 1829 Nar
481 1763 530 1845 (id
559 1765 647 1829 enim
675 1765 876 1850 parabatur)
910 1767 946 1830 in
976 1767 1066 1831 rivos

87 1866 249 1932 diductus
273 1868 615 1952 superstagnavisset.
660 1889 722 1932 nec
745 1868 881 1934 Reatini
910 1869 1067 1953 silebunt,
1095 1891 1120 1930 1⁰

84 1969 246 2036 Velinum
267 1967 389 2050 lacum,
413 1991 478 2055 qua
501 1971 537 2034 in
560 1970 685 2035 Narem
709 1971 907 2054 effunditur,
938 1971 1067 2039 obstrui

84 2080 297 2153 recusantes,
314 2073 435 2158 quippe
450 2075 485 2137 in
502 2073 698 2140 adiacentia
715 2085 927 2162 erupturum,
944 2079 1067 2162 optime

85 2175 189 2243 rebus
223 2175 415 2242 mortalium
443 2176 657 2242 consuluisse
679 2187 852 2261 naturam,
888 2201 975 2266 quae
1007 2202 1068 2245 sua

87 2303 147 2346 ora
174 2279 385 2362 fluminibus,
421 2302 498 2346 suos
528 2302 647 2347 cursus
669 2291 773 2368 utque
802 2285 983 2369 originem,
1018 2287 1068 2350 ita

85 2385 171 2450 fines
186 2380 335 2465 dederit3
359 2383 562 2468 spectandas
579 2386 684 2450 etiam
695 2384 875 2470 religiones
889 2390 1065 2471 sociorum,
1095 2402 1121 2445 1⁶

89 2489 147 2574 qui
172 2507 272 2551 sacra
296 2495 328 2550 et
351 2485 445 2551 lucos
476 2495 509 2551 et
534 2510 613 2553 aras
634 2489 757 2574 patriis
789 2490 944 2555 amnibus
974 2492 1066 2556 dica-

86 2594 218 2658 verint:
252 2591 334 2675 quin
356 2591 465 2676 ipsum
487 2590 638 2657 Tiberim
664 2591 756 2658 nolle
777 2615 915 2678 prorsus
939 2594 1066 2661 accolis

86 2695 199 2760 fluviis
231 2693 386 2759 orbatum
408 2695 537 2759 minore
567 2694 676 2778 gloria
698 2695 810 2761 fluere.
856 2719 916 2762 seu
948 2720 1066 2785 preces

88 2797 299 2863 coloniarum
323 2818 383 2861 seu
406 2794 589 2862 difficultas
614 2819 751 2883 operum
774 2800 846 2864 sive
870 2803 1066 2887 superstitio

85 2901 205 2981 valuit,
228 2908 265 2964 ut
288 2902 324 2964 in
347 2901 551 2966 sententiam
574 2898 635 2965 On.
657 2901 791 2967 Pisonis
815 2905 1066 2990 concederetur,
1094 2921 1119 2960 2⁰

86 3005 144 3092 qui
166 3002 218 3070 nil
239 3003 437 3069 mutandum
460 3016 648 3071 censuerat.

190 3104 242 3170 80.
282 3107 490 3192 Prorogatur
526 3107 682 3194 Poppaeo
721 3108 847 3178 Sabino
892 3113 1067 3198 prouincia

85 3212 228 3294 Moesia,
251 3208 379 3276 additis
402 3208 534 3276 Achaia
558 3233 598 3278 ac
622 3211 833 3280 Macedonia.
873 3216 909 3281 id
937 3238 1067 3302 quoque

85 3335 216 3380 morum
238 3313 366 3379 Tiberii
389 3313 464 3398 fuit,
488 3316 687 3381 continuare
711 3317 852 3403 imperia
877 3342 917 3384 ac
940 3319 1067 3406 pleros·

87 3440 152 3505 que
175 3416 221 3484 ad
242 3415 343 3482 finem
358 3418 451 3483 vitae
473 3418 509 3483 in
532 3418 639 3483 isdem
655 3421 861 3486 exercitibus
886 3431 945 3486 aut
969 3423 1066 3488 iuris·

87 3517 293 3588 dictionibus
315 3517 451 3586 habere.
481 3542 606 3588 causae
628 3524 745 3588 variae
775 3525 974 3591 traduntur:
1004 3525 1064 3590 alii
1092 3551 1105 3594 s

85 3622 201 3691 taedio
223 3644 331 3688 novae
354 3646 456 3689 curae
478 3624 581 3690 semel
595 3625 723 3711 placita
745 3648 805 3710 pro
830 3627 977 3692 aeternis
996 3649 1062 3692 ser·
