2500 4084
256 327 303 378 na
320 325 484 388 excussu
501 326 659 379 sucusrr
677 327 709 380 v.
728 328 821 379 s-ro.
979 327 1042 393 215

167 521 209 605 V,
232 521 262 586 8.
285 520 443 589 Relatum
477 520 555 586 inde
585 519 627 585 de
655 521 691 584 P.
715 519 854 586 Vitellio
885 529 918 585 et
945 521 1041 585 Pom·

53 627 164 710 ponio
194 624 361 692 Secundo.
406 624 501 691 illum
523 623 654 690 indices
676 623 867 708 arguebant
890 621 1041 689 claustra

52 729 198 812 aerarii,
221 729 480 814 cuipraefeotus
505 737 588 811 erat,
611 736 644 792 et
660 726 840 794 militarem
862 727 1041 812 pecuniam

53 831 162 897 rebus
195 833 291 898 novis
315 830 494 913 obtulisse;
528 831 605 895 huic
639 853 660 895 a
683 827 846 896 Considio
880 839 1041 917 praetura
1133 893 1136 898 .

52 936 178 1000 functo
208 934 444 1001 obiectabatur
466 933 556 999 Aelii
587 931 678 1000 Galli
702 935 869 1016 amicitia,
899 935 954 1020 qui
981 957 1040 1019 pu·
1067 949 1080 990 ⁸

52 1041 133 1104 nito
158 1037 281 1104 Seiano
311 1041 346 1103 in
374 1038 489 1104 hortos
512 1037 687 1123 Pomponii
715 1038 813 1123 quasi
840 1036 1040 1103 fidissimum

54 1141 105 1207 ad
131 1141 319 1207 subsidium
341 1141 557 1228 perfugisset.
590 1161 699 1225 neque
723 1139 816 1205 aliud
844 1140 1040 1226 periclitan-

53 1245 153 1310 tibus
178 1243 297 1310 auxilii
321 1266 421 1331 quam
443 1245 478 1308 in
501 1243 644 1308 fratrum
667 1244 862 1309 constantia
885 1243 958 1326 fuit,
983 1247 1039 1328 qui

52 1347 167 1412 vades
193 1349 364 1413 exstitere.
409 1368 489 1413 mox
512 1345 642 1412 crebris
670 1344 917 1431 prolationibus
947 1370 1040 1432 spem

54 1475 99 1518 ac
125 1460 249 1516 metum
273 1453 369 1517 iuxta
393 1460 557 1535 gravatus
574 1449 733 1515 Vitellius
756 1450 861 1535 petito
884 1472 944 1535 per
967 1471 1039 1537 spe·
1067 1466 1092 1504 1⁰

55 1557 150 1620 ciem
173 1554 360 1620 studiorum
380 1553 516 1641 scalpro
545 1553 654 1619 levem
677 1554 780 1618 ictum
803 1554 900 1618 venis
924 1554 1039 1620 intulit

55 1660 232 1743 vitamque
255 1656 470 1742 aegritudine
493 1658 596 1722 animi
619 1657 739 1721 finivit.
778 1665 814 1721 at
837 1655 1039 1744 Pomponius

53 1759 167 1826 multa
189 1782 318 1826 morum
347 1759 521 1844 elegantia
553 1769 585 1825 et
610 1759 745 1843 ingenio
776 1758 926 1842 inlustri,
961 1759 1039 1826 dum

54 1863 240 1930 adversam
263 1864 433 1930 fortunam
457 1886 583 1951 aequus
607 1861 742 1947 tolerat,
765 1861 902 1928 Tiberio
925 1887 1038 1950 supcr-

55 1977 128 2032 stes
153 1967 226 2034 fuit.
890 1989 892 1996 “
1066 1982 1092 2022 ¹⁵

160 2070 204 2154 V,
227 2068 256 2136 9.
280 2070 448 2136 Placitum
464 2070 617 2157 posthac,
640 2080 678 2136 ut
701 2070 735 2134 in
759 2066 904 2155 reliquos
922 2067 1037 2135 Seiani

53 2172 183 2238 liberos
206 2173 451 2255 adverteretur,
476 2182 681 2238 vanescente
705 2193 906 2259 quamquam
928 2171 1037 2258 plebis

55 2278 108 2342 ira
133 2298 174 2340 ac
197 2275 366 2364 plerisque
381 2299 441 2362 per
463 2277 576 2362 priora
594 2274 760 2362 supplicia
783 2273 908 2340 lenitis.
933 2277 1037 2360 igitur

55 2388 237 2465 portantur
265 2381 298 2444 in
328 2400 514 2461 carcerem,
546 2378 635 2444 filins
667 2378 911 2444 imminentium
940 2378 1037 2443 intel·

54 2483 186 2568 legens,
209 2482 322 2569 puella
346 2483 431 2550 adeo
454 2485 581 2566 nescia,
604 2493 642 2549 ut
664 2481 783 2547 crebro
800 2483 1036 2565 interrogaret,
1064 2498 1077 2536 ⁵

55 2585 148 2672 quod
172 2585 213 2651 ob
238 2585 398 2653 delictum
421 2597 455 2653 et
479 2609 543 2675 quo
568 2587 774 2668 traheretur;
797 2606 905 2672 neque
928 2585 1036 2650 factu·

55 2713 131 2755 ram
153 2688 254 2773 ultra,
277 2699 311 2755 et
332 2712 431 2776 posse
456 2713 491 2756 se
506 2689 629 2777 puerili
644 2689 785 2755 verbere
808 2689 944 2753 moneri.
970 2697 1036 2752 tra·

58 2792 144 2858 dunt
168 2795 327 2879 temporis
352 2795 423 2859 eius
447 2803 615 2876 auctores,
639 2794 718 2881 quia
741 2789 945 2857 triumvirali
962 2813 1036 2876 sup·

54 2896 159 2982 plicio
183 2895 286 2961 adfici
302 2898 469 2980 virginem
492 2896 681 2962 inauditum
696 2894 894 2977 habebatur,
919 2917 939 2959 a
964 2918 1036 2960 oar-

55 3000 157 3064 nifice
180 2997 336 3085 laqueum
352 3001 450 3064 iuxta
465 3022 697 3087 conpressam
721 3001 810 3064 exim
833 2997 949 3064 oblisis
966 3000 1037 3064 fau·
1066 3017 1090 3054 ¹0

55 3101 153 3167 cibus
177 3101 213 3168 id
236 3104 360 3168 aetatis
384 3125 526 3190 corpora
551 3106 585 3169 in
610 3102 793 3170 Gemonias
818 3103 964 3168 abiecta.

159 3204 201 3289 V,
227 3201 275 3269 10.
298 3207 364 3271 Per
394 3205 498 3272 idem*
512 3218 642 3294 tempus
666 3207 751 3273 Asia
779 3218 881 3295 atque
904 3206 1036 3273 Achaia

55 3310 240 3375 exterritae
264 3318 341 3374 sunt
364 3311 436 3375 acri
451 3313 562 3395 magis
586 3332 686 3397 quam
710 3311 868 3376 diuturno
891 3331 1034 3395 rumore,

40 3413 204 3478 Drusum
228 3409 423 3478 Germanici
452 3412 557 3478 filium
580 3412 671 3500 apud
693 3411 865 3499 Cycladas
895 3412 1036 3498 insulas,

54 3538 134 3582 mox
158 3516 191 3579 in
207 3517 394 3581 continenti
416 3517 534 3581 visum.
559 3525 592 3582 et
616 3525 689 3581 erat
706 3517 835 3580 iuvenis
852 3516 943 3582 haud
967 3516 1035 3582 dis·

54 3619 131 3706 pari
154 3627 277 3703 aetate,
301 3617 501 3705 quibusdam
524 3618 681 3685 Caesaris
705 3618 837 3684 libertis
859 3618 952 3684 velut
978 3619 1036 3684 ad·
1063 3637 1075 3676 ⁵
