2500 4084
245 320 291 370 AB
310 318 472 372 Excusso
490 317 649 370 AUGUSTI
666 319 712 370 VI.
731 319 842 369 20-23.
971 320 1034 390 231

160 512 212 578 22.
236 512 305 580 Sed
332 514 413 578 mibi
441 510 525 578 haec
554 534 595 579 ac
627 511 711 577 talia
742 510 894 586 audienti
924 513 958 578 in
986 513 1036 578 in-

52 627 149 683 certo
173 617 335 684 iudicium
358 627 419 701 est,
442 616 558 683 fatone
580 639 634 682 res
650 613 841 680 mortalium
865 625 899 681 et
921 637 1036 682 neces·

53 724 160 794 sitate
178 719 379 787 immutabili
394 743 438 785 an
454 719 540 786 forte
555 717 745 785 volvantur.
769 719 890 804 quippe
906 720 1037 805 sapien-

55 825 209 891 tissimos
232 834 382 890 veterum
417 824 538 910 quique
567 831 695 900 sectam
725 843 838 888 eorum
868 823 1036 889 aemulan·

53 939 111 994 tur
136 928 289 994 diversos
312 928 469 1014 reperies,
492 949 534 993 ac
557 925 671 992 multis
687 926 824 994 insitam
848 929 1037 1012 opinionem
1064 937 1077 978 ⁶

54 1055 125 1100 non
149 1033 250 1098 initia
272 1033 389 1114 nostri,
413 1052 481 1096 non
503 1031 614 1115 finem,
635 1051 704 1095 non
729 1029 872 1116 denique
887 1031 1037 1098 homines

56 1138 111 1202 dis
136 1159 255 1220 curaer
278 1137 354 1202 ideo
378 1135 580 1202 creberrime
609 1136 722 1201 tristia
744 1136 780 1200 in
801 1135 923 1217 bonos,
946 1134 1038 1201 laeta

56 1239 151 1327 apud
176 1239 360 1305 deteriores
395 1261 479 1304 esse.
524 1248 642 1305 eontra
674 1237 733 1304 alii
767 1237 1040 1325 fatum-quidem

57 1362 247 1427 congruere
270 1341 371 1410 rebus
393 1349 531 1427 putant,
562 1341 623 1408 sed
652 1363 719 1408 non
749 1343 888 1425 evagis
918 1341 1038 1425 stellis,

56 1468 177 1512 verum
211 1445 302 1533 apud
328 1446 496 1532 principia
527 1454 561 1510 et
588 1467 697 1510 nexus
725 1443 932 1510 naturalium
960 1468 1038 1510 cau·
1067 1452 1092 1491 1⁰

58 1572 191 1632 sarum3
215 1572 254 1615 ac
272 1558 385 1614 tamen
401 1548 599 1614 electionem
613 1549 707 1614 vitae
721 1547 821 1613 nobis
836 1547 1042 1636 relinquunt,

59 1675 163 1739 quam
184 1651 242 1718 ubi
266 1651 424 1736 elegeris,
455 1660 584 1718 certum
613 1653 856 1718 imminentium
879 1651 1040 1718 ordinem.

59 1779 170 1844 neque
192 1754 282 1822 mala
305 1754 360 1820 vel
384 1755 488 1838 bona,
512 1776 599 1842 quae
621 1754 743 1840 vulgus
766 1764 878 1842 putet:
906 1755 1040 1838 multos,

61 1862 119 1946 qui
142 1859 331 1926 conflictari
354 1857 509 1924 adversis
532 1859 723 1943 videantur,
746 1859 883 1942 beatos,
914 1868 949 1924 at
972 1858 1041 1946 ple·

59 1984 184 2049 rosque
213 1984 415 2050 quamquam
442 1983 585 2047 magnas
618 1985 680 2049 per
714 1985 793 2049 opes
826 1964 1041 2044 miserrimos,
1069 1971 1094 2010 1⁵

62 2068 91 2131 si
127 2064 177 2131 illi
212 2086 351 2150 gravem
384 2065 554 2132 fortunam
588 2074 786 2132 constanter
819 2066 975 2151 tolerent,
1008 2065 1044 2132 hi

60 2191 224 2255 prospera
240 2168 431 2235 inconsulte
445 2177 595 2236 utantur.
619 2180 768 2236 ceterum
789 2169 942 2257 plurimis
956 2192 1043 2236 mor·

62 2273 184 2340 talium
216 2294 284 2337 non
318 2273 487 2354 eximitur,
522 2273 603 2359 quin
636 2274 743 2360 primo
777 2275 939 2361 cuiusque
968 2283 1045 2341 ortu

62 2385 208 2442 ventura
225 2375 447 2459 destinentur,
465 2376 525 2442 sed
541 2377 708 2463 quaedam
725 2398 822 2443 secus
838 2400 939 2465 quam
951 2378 1044 2444 dieta
1074 2437 1076 2440 .

63 2480 132 2544 sint
166 2478 304 2560 cadere,
338 2476 486 2545 fallaciis
515 2481 636 2564 ignara
669 2479 870 2546 dicentium:
900 2483 949 2547 ita
971 2502 1044 2546 eor·
1072 2488 1098 2528 ²⁰

63 2583 173 2668 rumpi
194 2580 295 2648 fidem
319 2584 413 2666 artis,
437 2584 533 2649 cuius
556 2582 651 2648 clara
676 2581 877 2650 documenta
900 2593 933 2650 et
957 2585 1045 2650 anti·

64 2707 132 2772 qua
154 2693 251 2750 aetas
275 2694 307 2750 et
322 2694 441 2752 nostra
463 2685 590 2752 tulerit.
614 2686 736 2772 quippe
758 2708 780 2750 a
802 2686 871 2752 filio
896 2687 1046 2753 eiusdem

64 2787 238 2854 Thrasulli
271 2788 484 2875 praedictum
511 2789 655 2856 Neronis
686 2791 863 2875 imperium
895 2792 931 2856 in
964 2799 1046 2857 tem·

65 2914 147 2978 pore
162 2892 412 2977 memorabitur,
429 2916 472 2958 ne
487 2914 577 2959 nunc
594 2895 727 2980 incepto
743 2891 876 2978 longius
893 2893 1046 2961 abierim.

171 2993 223 3060 23.
245 2996 359 3063 Isdem
386 2996 581 3063 consulibus
605 2995 716 3062 Asinii
740 2993 833 3061 Galli
862 3019 952 3063 mors
975 2998 1046 3064 vul·

72 3108 188 3185 gutur,
222 3122 321 3187 quem
350 3109 501 3185 egestate
535 3099 605 3167 eibi
637 3110 846 3186 peremptum
873 3099 966 3167 haud
990 3101 1047 3166 du·

67 3203 176 3287 bium,
200 3214 318 3290 sponte
346 3227 390 3270 an
413 3206 633 3287 necessitate,
658 3205 823 3270 incertum
848 3203 1048 3271 habebatur.

68 3305 310 3394 consultusque
325 3305 453 3373 Caesar
469 3331 514 3373 an
527 3307 662 3395 sepeliri
680 3309 816 3392 sineret,
831 3329 899 3374 non
915 3306 1049 3374 erubuit

70 3413 263 3498 permittere
287 3411 441 3499 ultroque
465 3413 621 3478 incusare
643 3433 754 3494 casus,
777 3413 834 3498 qui
856 3433 949 3476 reum
971 3411 1047 3480 abs·
1075 3422 1088 3462 ⁵

73 3515 251 3599 tulissent,
277 3524 458 3603 antequam
481 3537 595 3583 coram
617 3516 889 3582 convinceretur:
918 3514 1050 3582 scilieet

74 3617 185 3686 medio
208 3619 358 3686 triennio
381 3619 535 3686 defuerat
558 3629 688 3706 tempus
704 3619 870 3686 subeundi
893 3620 1053 3688 iudicium
