2530 4084
213 304 274 370 106
542 302 717 356 conuenu
735 302 857 354 mom

212 498 404 581 cinguntur.
438 505 557 562 contra
580 495 733 560 veterani
757 493 931 560 ordinibus
961 516 1003 560 ac
1027 493 1207 562 subsidiis

212 601 383 666 instructi:
406 598 484 665 hinc
508 598 651 665 militum
666 599 728 680 vis,
752 596 832 663 inde
847 595 996 664 locorum
1011 601 1206 687 asperitas,

213 703 363 769 sednon
392 705 540 783 animus,
574 724 641 767 non
665 723 752 789 spes,
796 723 839 766 ne
868 701 938 767 tela
966 702 1104 789 quidem
1131 705 1207 769 nisi

212 809 362 892 agrestia
386 817 445 872 aut
461 805 608 872 subitum
631 807 666 869 in
681 827 778 870 usum
791 815 981 892 properata.
1005 814 1043 871 ut
1064 828 1206 872 venere

160 927 186 966 2⁰
211 910 247 976 in
269 933 400 996 manus,
422 933 490 976 non
513 908 603 974 ultra
628 907 827 989 dubitatum,
852 929 952 993 quam
975 908 1053 975 dum
1067 909 1204 976 Roma·

211 1037 276 1082 nae
299 1015 454 1083 cohortes
477 1016 511 1080 in
529 1035 670 1099 aequum
687 1013 908 1079 eniterentur:
931 1021 1067 1078 vertunt
1091 1023 1204 1098 terga

212 1118 337 1186 Oilices
361 1141 463 1206 seque
485 1116 628 1182 castello
651 1115 822 1183 claudunt.

314 1221 365 1287 81.
388 1223 528 1288 Interim
550 1222 628 1287 Piso
653 1219 797 1286 classem
823 1220 916 1285 haud
945 1219 1059 1306 procul
1088 1242 1202 1308 oppe-

211 1329 352 1392 rientem
370 1325 566 1411 adpugnare
581 1324 707 1388 frustra
731 1324 926 1409 temptavit,
949 1344 1203 1410 regressusque

212 1441 245 1496 et
267 1452 326 1517 pro
348 1431 468 1512 muris,
491 1428 590 1493 modo
614 1436 720 1492 semet
743 1427 969 1511 adflictando,
997 1426 1094 1493 modo
1124 1430 1200 1494 sin-

211 1533 307 1618 gulos
330 1535 464 1598 nomine
494 1535 600 1616 ciens,
634 1533 792 1618 praemiis
814 1553 958 1615 vocans,
988 1531 1202 1597 seditionem

172 1665 185 1706 s
211 1638 401 1725 coeptabat,
426 1637 577 1724 adeoque
600 1645 837 1718 commoverat,
860 1645 898 1700 ut
921 1635 1060 1719 signifer
1081 1633 1199 1720 legio·

210 1745 263 1809 nis
288 1750 405 1807 sextae
422 1743 554 1824 signum
569 1740 615 1805 ad
631 1763 706 1805 eum
717 1738 940 1805 transtulerit.
963 1750 1033 1805 tum
1052 1737 1198 1806 Sentius

212 1867 373 1913 occanere
397 1867 525 1911 cornua
552 1844 718 1929 tubasque
742 1854 775 1909 et
805 1845 875 1931 peti
898 1864 1071 1928 aggerem,
1100 1847 1197 1930 erigi

211 1949 322 2018 scalas
358 1951 470 2032 iussit,
500 1971 541 2016 ac
568 1950 853 2036 promptissimum
882 1972 1043 2038 quemque
1071 1971 1196 2015 succe·
1255 1967 1256 1998 ³

212 2055 301 2137 dere,
324 2053 408 2118 alios
425 2055 600 2119 tormentis
623 2053 740 2119 hastas
758 2075 842 2119 saxa
859 2064 893 2120 et
914 2054 1007 2121 faces
1022 2055 1194 2137 ingerere.

161 2183 185 2223 ιο
212 2157 349 2224 tandem
378 2158 469 2222 victa
497 2157 687 2243 pertinacia
714 2157 792 2222 Piso
824 2158 950 2240 oravit,
984 2166 1021 2222 ut
1049 2155 1193 2222 traditis

211 2263 313 2326 armis
329 2269 479 2326 moneret
496 2263 530 2324 in
546 2260 696 2344 castelle,
722 2260 800 2326 dum
822 2259 960 2345 Caesar,
984 2261 1037 2327 oui
1054 2257 1195 2325 Suriam

210 2365 430 2450 permitteret,
454 2362 649 2430 consulitur.
684 2385 751 2429 non
774 2373 930 2450 receptae
958 2363 1193 2447 condiciones,

210 2491 272 2534 nec
307 2467 401 2534 aliud
434 2488 535 2553 quam
568 2489 672 2532 naves
704 2478 737 2535 et
771 2478 880 2534 tutum
908 2469 943 2532 in
977 2467 1093 2532 urbem
1122 2469 1193 2533 iter

211 2592 407 2637 concessum
430 2581 491 2636 est.

313 2673 365 2739 82.
388 2673 434 2739 At
456 2674 592 2757 Romae,
615 2683 793 2760 postquam
808 2671 1003 2740 Germanioi
1025 2673 1190 2741 valetudo

210 2777 420 2864 percrebruit
447 2785 635 2865 cunctaque
667 2787 704 2842 ut
733 2799 776 2842 ex
804 2775 988 2863 longinquo
1018 2787 1119 2845 aucta
1152 2780 1189 2844 in

212 2881 359 2947 deterius
389 2880 646 2964 adferebantur,
681 2879 776 2945 dolor
809 2882 876 2964 ira,
911 2888 944 2945 et
967 2881 1188 2968 erumpebant

211 2994 357 3072 questus.
390 2984 466 3051 ideo
488 2986 643 3051 nimirum
666 2985 700 3049 in
724 2992 892 3051 extremas
925 2993 1033 3052 terras
1055 2984 1187 3069 relega-

171 3116 184 3156 5
210 3099 289 3172 tum,
306 3087 381 3154 ideo
397 3088 511 3153 Pisoni
534 3089 732 3174 permissam
746 3090 972 3175 provinciam,
994 3088 1058 3155 hoc
1074 3091 1187 3173 egisse

211 3200 360 3259 secretos
383 3191 558 3276 Augustae
589 3215 665 3258 cum
686 3192 852 3259 Plancina
876 3215 1055 3258 sermones.
1099 3216 1183 3258 vera

209 3317 346 3382 prorsus
371 3294 412 3360 de
435 3294 545 3360 Druso
569 3297 717 3360 seniores
747 3295 895 3362 locutos:
930 3295 1109 3382 displicere
1131 3320 1182 3362 re·

209 3398 392 3482 gnantibus
416 3397 530 3462 civilia
552 3397 697 3462 filiorum
719 3399 867 3483 ingenia,
890 3420 999 3484 neque
1022 3398 1064 3464 ob
1087 3399 1183 3465 aliud

210 3504 425 3586 interceptos,
460 3520 560 3584 quam
582 3502 662 3587 quia
684 3499 843 3586 populum
865 3501 1051 3566 Romanum
1073 3524 1181 3590 aequo

162 3625 187 3666 ro
212 3604 284 3666 iure
306 3600 482 3686 complecti
509 3601 642 3666 reddita
673 3601 832 3668 libertate
861 3604 1078 3687 agitaverint.
1122 3605 1183 3672 hos
