2500 4084
250 301 296 353 AB
318 295 482 350 EXOESSU
499 291 657 346 AUGUSTI
675 289 722 341 VI.
739 287 849 338 45-47.
972 281 1035 348 249

4 551 5 554 η
56 508 126 562 tem
151 491 298 580 spectari
322 487 551 575 exprobravit.
591 497 623 553 et
647 482 734 555 Gaio
758 486 915 577 Caesari,
950 493 1036 558 forte

56 607 132 665 orto
163 617 315 663 sermone
344 593 384 658 L.
409 591 537 658 Sullam
570 591 747 677 inridenti,
784 597 895 662 omnia
924 595 1038 662 Sullae

55 703 145 768 vitia
168 709 201 766 et
223 698 352 765 nullam
376 697 526 762 eiusdem
542 697 703 763 virtutem
726 698 919 766 habiturum
941 722 1037 787 prae-

57 807 157 872 dixit.
182 802 280 869 simul
303 801 431 867 crebris
456 822 531 866 curn
553 800 703 868 lacrimis
725 804 889 869 minorem
912 827 955 869 ex
978 827 1033 868 ne·
1062 837 1089 877 20

55 907 193 996 potibus
223 903 426 991 conplexus,
461 905 547 968 truci
578 904 718 970 alterius
741 906 847 990 vultu,
887 905 1037 974 ‘occides

55 1014 148 1078 hunc
170 1006 214 1076 tu’
240 1009 349 1095 inquit
367 1004 417 1073 ‘et
439 1015 473 1073 te
499 1004 604 1073 alius?
631 1008 692 1074 sed
708 1020 932 1093 gravescente
947 1010 1039 1076 vale-

57 1115 178 1182 tudine
199 1112 285 1179 nihil
309 1133 327 1176 e
355 1110 554 1176 libidinibus
584 1112 779 1197 omittebat,
809 1115 843 1178 in
872 1116 1039 1202 patientia

56 1217 299 1285 firmitudinem
324 1213 485 1280 simulans
515 1212 700 1302 solitusque
731 1216 866 1283 eludere
895 1218 1039 1284 medico-

58 1343 134 1388 rum
157 1329 247 1386 artes
271 1329 371 1406 atque
395 1341 467 1402 eos,
499 1321 557 1406 qui
578 1330 654 1406 post
685 1323 890 1387 tricesimum
914 1322 1037 1388 aetatis
1065 1351 1091 1393 2⁵

59 1446 186 1491 annum
220 1423 265 1488 ad
299 1422 560 1488 internoscenda
595 1426 728 1510 corpori
762 1447 821 1489 suo
856 1426 953 1490 utilia
984 1424 1038 1490 vel
1084 1441 1086 1448 ’

58 1527 166 1594 noxia
189 1525 293 1592 alieni
316 1524 449 1591 consilii
473 1525 677 1610 indigerent.

164 1629 217 1696 47.
240 1631 381 1696 Interim
403 1630 528 1695 Romae
560 1630 681 1696 firturis
712 1633 815 1698 etiam
842 1642 919 1718 post
941 1631 1040 1698 Tibe-

61 1739 150 1802 rium
172 1733 334 1799 caedibus
359 1735 487 1798 semina
511 1733 733 1800 iaciebantur.
756 1735 896 1800 Laelius
912 1735 1040 1802 Balbus

60 1839 235 1920 Acutiam,
259 1837 295 1901 P.
318 1835 449 1902 Vitellii
473 1837 642 1922 quondam
665 1860 820 1921 uxorem,
851 1841 1041 1905 maiestatis

61 1940 311 2031 postulaverat3
346 1939 411 2028 qua
436 1941 596 2006 damnata
629 1962 705 2008 cum
733 1943 919 2029 praemium
942 1966 1041 2008 accu-

63 2048 169 2112 satori
198 2045 451 2127 decerneretur,
485 2045 601 2110 Iunius
626 2045 715 2111 Otho
745 2045 898 2111 tribunus
930 2045 1041 2131 plebei
1069 2077 1082 2116 5

63 2151 274 2232 intercessit,
308 2148 397 2213 unde
420 2147 488 2212 illis
512 2148 605 2232 odia,
639 2171 718 2214 mox
741 2149 868 2214 Othoni
891 2151 1042 2215 exitium.

64 2255 142 2321 dein
174 2251 356 2318 multorum
390 2249 558 2316 amoribus
593 2251 724 2317 famosa
757 2251 954 2337 Albucilla,
988 2254 1043 2318 cui

63 2358 313 2424 matrimonium
354 2377 429 2420 curn
461 2353 573 2420 Satrio
610 2354 764 2421 Secundo
799 2357 1042 2422 coniurationis

64 2461 178 2526 indice
211 2461 338 2542 fuerat,
374 2458 523 2524 defertur
557 2460 732 2544 inpietatis
767 2461 801 2523 in
841 2462 1043 2547 principem3

65 2563 330 2631 conectebantur
352 2573 387 2628 ut
411 2565 540 2662 conscii
571 2573 603 2627 et
628 2562 773 2629 adulteri
797 2566 867 2629 eius
891 2562 952 2629 Gn.
975 2564 1042 2628 Do·
1071 2593 1096 2632 ro

65 2669 189 2750 mitius,
212 2667 332 2733 Vibius
348 2666 493 2750 Marsus,
511 2666 551 2731 L.
568 2665 759 2732 Arruntius.
784 2666 825 2732 de
841 2667 1044 2733 claritudine

66 2771 208 2836 Domitii
232 2794 333 2858 supra
361 2772 559 2855 memoravi,
590 2769 723 2835 Marsus
748 2791 878 2857 quoque
901 2770 1044 2836 vetustis

66 2873 250 2939 honoribus
285 2883 317 2938 et
350 2874 501 2938 inlustris
538 2873 661 2938 studiis
691 2883 773 2939 erat.
819 2872 879 2939 sed
909 2873 1045 2938 testium

68 2979 338 3061 interrogationi,
354 2978 531 3043 tormentis
549 2999 722 3043 servorum
737 2977 931 3043 Macronem
946 2998 1042 3061 prae-

68 3081 196 3146 sedisse
229 3082 462 3147 commentarii
496 3081 541 3147 ad
575 3089 728 3146 senatum
757 3083 852 3146 missi
875 3080 1043 3165 ferebant,
1072 3107 1097 3147 is

68 3184 246 3270 nullaeque
269 3186 303 3249 in
328 3207 384 3249 eos
408 3186 619 3271 imperatoris
652 3184 788 3250 litterae
820 3185 1046 3271 suspicionem

70 3287 217 3373 dabant,
254 3287 405 3353 invalido
430 3310 470 3354 ac
504 3289 649 3354 fortasse
690 3290 809 3372 ignaro
831 3288 912 3352 ficta
935 3287 1045 3373 plera·

71 3415 135 3478 que
158 3391 200 3457 ob
229 3391 425 3456 inimicitias
453 3390 623 3456 Macronis
648 3399 747 3457 notas
777 3391 812 3454 in
835 3389 1043 3455 Arruntium.

172 3493 225 3559 48.
258 3495 368 3578 Igitur
398 3493 566 3560 Domitius
601 3493 830 3558 defensionem
862 3492 1040 3574 meditans,

72 3597 204 3664 Marsus
227 3607 399 3683 tamquam
414 3597 563 3663 inediam
581 3597 832 3679 destinavisset,
855 3597 1047 3681 produxere
