2500 4084
260 330 307 382 AB
324 330 488 383 EXOESSU
506 330 666 382 AUGUSTI
686 331 732 380 1v.
751 330 861 380 40-42.
986 331 1045 396 187

48 522 189 609 quibus
219 521 328 588 adbuc
358 521 665 588 necessitudinibus
696 523 874 590 inmiscere
904 532 938 588 te
965 521 1046 589 mihi
1072 540 1100 580 40

62 650 198 713 parem,
223 628 377 692 omittam
403 624 448 691 ad
475 647 637 711 praesens
671 625 815 691 referre:
852 626 889 692 id
914 633 1047 692 tautum

64 732 235 818 aperiam,
258 730 343 797 nihil
368 753 443 795 esse
465 739 536 796 tam
560 729 752 814 excelsum,
779 729 869 816 quod
890 752 958 797 nou
980 731 1046 795 vir·-

64 843 157 900 tutes
181 835 268 900 istae
291 843 435 920 tuusque
459 835 493 898 in
515 856 568 898 me
592 834 725 898 animus
748 843 957 916 mereantur,
990 832 1047 900 da-

62 947 168 1024 toque
189 946 340 1023 tempore
362 935 416 1002 vel
439 937 474 1001 in
499 946 621 1002 senatu
643 935 698 1002 vel
727 938 762 1002 in
792 939 949 1004 contione
979 958 1046 1002 non

63 1037 235 1108 reticebo?
1072 1061 1099 1101 ss

169 1143 222 1210 41.
245 1145 389 1211 Rursum
407 1143 560 1228 Seianus,
584 1167 651 1210 non
666 1145 735 1210 iam
759 1143 800 1210 de
822 1146 1047 1228 matrimonio,

65 1250 125 1315 scd
152 1248 255 1315 altius
277 1257 447 1331 metuens,
476 1250 584 1314 tacita
607 1249 853 1335 suspicionum,
876 1247 972 1332 vulgi
994 1272 1047 1314 ru-

65 1375 209 1436 morem,
238 1354 448 1437 ingruentem
477 1352 642 1419 invidiam
679 1351 889 1438 deprecatur.
935 1374 975 1417 ac
1005 1376 1048 1417 nc

66 1456 230 1523 adsiduos
264 1458 300 1521 in
336 1456 468 1522 domum
502 1465 618 1521 coetus
661 1456 807 1522 arcendo
848 1455 1047 1540 infringeret

65 1561 255 1645 potentiam
284 1570 343 1627 aut
372 1560 579 1647 receptando
610 1560 811 1626 facultatem
839 1561 1047 1626 criminanti·
1075 1591 1088 1630 ⁵

65 1663 129 1728 bus
157 1663 352 1750 praeberet,
380 1664 445 1730 huc
473 1665 584 1748 flexit,
614 1675 652 1731 ut
674 1663 847 1730 Tiberium
876 1661 1049 1729 advitam

67 1767 186 1852 procul
208 1768 314 1833 Roma
338 1770 487 1834 amoenis
515 1767 601 1835 locis
632 1768 822 1852 degendam
851 1765 1048 1853 impelleret.

67 1868 175 1935 multa
191 1872 313 1957 quippe
328 1870 546 1957 providebat:
570 1894 630 1936 sua
654 1873 689 1936 in
710 1893 812 1936 manu
830 1871 942 1937 aditus
958 1869 1048 1935 litte-

68 1997 246 2061 rarumque
269 1996 393 2059 magna
418 1998 461 2039 ex
482 1983 579 2061 parte
605 1997 640 2040 se
665 1973 830 2040 arbitrum
853 1975 940 2057 fore,
974 1996 1049 2039 cum

67 2100 126 2162 per
147 2078 274 2143 milites
304 2086 546 2162 commearent3
575 2100 656 2144 mox
678 2076 859 2144 Caesarem
887 2089 1049 2162 vergente
1077 2116 1102 2153 10

68 2182 137 2246 iam
172 2191 311 2247 senecta
341 2191 537 2268 secretoque
565 2181 632 2247 loci
659 2179 826 2247 mollitum
853 2183 968 2246 munia
990 2183 1048 2247 im-

69 2287 154 2370 perii
178 2284 312 2350 facilius
336 2287 586 2352 tramissurum:
610 2285 771 2350 et'minui
796 2282 862 2350 sibi
884 2283 1050 2349 invidiam

74 2387 233 2475 adempta
264 2390 471 2454 salutantum
500 2387 617 2472 turba,
653 2387 863 2474 sublatisque
893 2386 1048 2453 inanibus

71 2515 185 2558 veram
208 2495 394 2578 potentiam
424 2494 551 2577 augeri.
586 2495 691 2576 igitur
717 2490 883 2578 paulatim
911 2491 1049 2575 negotia

70 2595 179 2679 urbis,
207 2596 320 2683 populi
345 2596 525 2680 adcursus,
554 2596 803 2663 multitudinem
832 2595 1049 2660 adfluentium
1077 2633 1102 2672 15

71 2704 232 2787 increpat,
250 2701 417 2767 extollens
435 2700 592 2768 laudibus
610 2702 755 2787 quietem
771 2709 804 2764 et
821 2696 1049 2779 solitudinem,

71 2807 143 2891 quis
178 2803 298 2869 abesse
332 2804 448 2870 taedia
483 2812 516 2870 et
552 2804 751 2869 offensiones
792 2823 833 2867 ac
866 2801 1049 2888 praecipua

71 2930 179 2975 rerum
201 2910 349 2974 maxime
372 2910 507 2993 agitari.

172 3009 224 3078 42.
247 3010 299 3079 Ac
322 3012 410 3078 forte
432 3011 551 3078 habita
566 3034 626 3098 per
648 3009 724 3076 illos
750 3010 822 3076 dies
847 3009 888 3074 de
904 3011 1048 3078 Votieno

71 3115 246 3197 Montano,
270 3113 414 3181 celebris
439 3114 566 3198 ingenii
590 3115 680 3196 viro,
709 3115 861 3198 cognitio
886 3125 1048 3181 cunctan-

73 3229 137 3285 tem
165 3220 233 3283 iam
255 3216 426 3283 Tiberium
457 3217 620 3305 perpulit,
648 3227 684 3285 ut
707 3217 865 3283 vitandos
897 3217 1049 3284 crederet

73 3332 203 3408 patrum
226 3329 341 3387 coetus
364 3343 541 3408 vocesque,
565 3344 652 3408 quae
673 3321 869 3407 plerumque
891 3343 992 3386 verae
1016 3332 1048 3387 et

73 3446 191 3509 graves
208 3446 324 3491 coram
339 3424 591 3510 ingerebantur.
615 3448 694 3490 nam
716 3423 886 3510 postulato
902 3425 1049 3490 Votieno
1077 3476 1089 3514 ᾗ

74 3528 113 3595 ob
127 3527 348 3595 contumelias
373 3530 407 3595 iu
424 3528 607 3595 Caesarem
624 3528 743 3610 dictas,
767 3529 865 3594 testis
884 3525 1048 3593 Aemilius

75 3631 317 3699 emilitaribus
347 3634 430 3699 viris
467 3633 546 3698 dum
581 3632 692 3699 studio
728 3631 899 3717 probandi
927 3638 1049 3696 cuncta
