2530 4084
255 284 301 334 AB
320 283 483 336 EXOESSU
501 285 659 338 AUGUSTI
678 287 728 337 111.
748 287 858 338 18-21.
982 287 1043 352 123

47 475 163 540 modo
197 475 316 542 audita
348 449 408 563 pro
438 481 608 563 conpertis
631 472 778 562 habent,
813 477 874 544 alii
902 500 984 544 vera
1003 481 1042 546 in

50 582 274 645 contrarium
304 591 456 666 vertunt,
486 592 518 647 et
548 583 665 666 gliscit
693 593 871 670 utrumque
898 585 1041 669 posteri·
1069 595 1095 634 1⁰
1131 623 1133 626 -

48 692 144 748 tate.
169 693 205 748 at
221 684 353 750 Drusus
376 684 458 750 urbe
482 706 638 769 egressus
662 685 853 772 repetendis
871 687 1042 772 auspiciis,

50 809 142 852 mox
167 809 273 854 ovans
297 791 436 854 introiit.
459 811 652 876 paucosque
672 799 750 876 post
781 789 852 855 dies
876 789 1042 875 Vipsania

51 901 174 958 mater
197 893 268 958 eius
298 895 459 976 excessit,
493 917 561 960 una
591 895 738 959 omnium
760 892 932 980 Agrippae
960 892 1041 957 libe-

52 1017 177 1060 rorum
204 998 277 1062 miti
308 997 417 1063 obitu:
450 1021 530 1063 nam
553 1007 683 1063 ceteros
712 998 925 1063 manifestum
954 996 1041 1062 ferro

52 1097 117 1162 vel
142 1099 310 1164 creditum
333 1110 383 1165 est
406 1123 535 1166 veneno
560 1110 619 1166 aut
642 1101 731 1166 fame
756 1101 956 1166 exstinctos.
1070 1111 1094 1150 1⁵

168 1201 220 1267 20.
252 1203 383 1269 Eodem
416 1226 504 1269 anno
538 1204 759 1287 Tacfarinas,
794 1225 893 1289 quem
930 1204 1041 1289 priore

57 1314 197 1372 aestate
230 1307 362 1392 pulsum
394 1305 580 1373 aCamillo
614 1309 811 1390 memoravi,
845 1305 972 1372 bellum
1005 1308 1041 1370 in

55 1409 183 1474 Africa
198 1420 351 1494 renovat,
373 1413 471 1496 vagis
488 1413 630 1497 primum
644 1409 920 1498 populationibus
945 1418 978 1473 et
999 1407 1039 1474 ob

55 1513 300 1598 pernicitatem
315 1512 443 1598 inultis,
467 1514 545 1579 dein
561 1515 655 1580 vicos
672 1513 882 1596 exscindere,
905 1511 1040 1577 trahere

57 1637 186 1699 graves
218 1618 381 1702 praedas,
420 1628 587 1704 postremo
621 1616 713 1684 haud
745 1616 863 1704 procul
896 1616 1039 1702 Pagyda
1067 1627 1079 1666 ⁵

56 1719 198 1785 flumine
222 1720 392 1787 cohortem
415 1721 600 1787 Romanam
623 1719 852 1787 circumsedit.
881 1729 1039 1806 praeerat

57 1823 205 1888 castello
228 1824 372 1890 Decrius
402 1827 545 1911 impiger
573 1846 690 1908 manu,
720 1825 889 1889 exercitus
917 1822 1040 1889 militia

59 1938 92 1992 et
122 1926 221 1992 illam
251 1927 460 1994 obsidionem
481 1929 604 2013 flagitii
632 1937 738 1993 ratus.
784 1929 812 1991 is
842 1926 1039 1992 cohortatus

57 2030 186 2096 milites
204 2042 241 2096 ut
264 2033 395 2118 copiam
410 2053 544 2118 pugnae
560 2034 595 2097 in
611 2040 728 2117 aperto
744 2031 907 2113 facerent,
931 2031 1039 2094 aciem

55 2157 116 2222 pro
138 2137 261 2201 castris
278 2137 426 2202 instruit.
449 2136 621 2222 primoque
637 2137 763 2220 impetu
778 2133 877 2220 pulsa
901 2131 1038 2197 cohorte
1066 2145 1091 2184 1⁰

55 2248 233 2326 promptus
257 2242 345 2305 inter
368 2240 437 2306 tela
462 2248 617 2306 occursat
640 2237 860 2322 fugientibus,
884 2237 1037 2323 increpat

57 2343 257 2428 signiferos,
289 2344 377 2430 quod
401 2343 583 2410 inconditis
606 2351 664 2407 aut
689 2339 917 2406 desertoribus
941 2340 1036 2406 miles

56 2447 229 2512 Romanus
257 2456 356 2532 terga
381 2447 494 2531 daret,
533 2446 632 2512 simul
668 2454 811 2532 excepta
834 2443 975 2509 vulnera
1005 2453 1037 2508 et

58 2572 262 2637 quamquam
277 2550 464 2616 transfosso
481 2547 576 2615 oculo
594 2548 773 2614 adversum
797 2569 832 2612 os
856 2547 891 2611 in
906 2546 1037 2613 hostem

58 2653 223 2737 intendit,
256 2676 363 2741 neque
389 2654 554 2741 proelium
581 2653 710 2736 omisit,
746 2651 851 2716 donec
882 2649 1034 2714 desertus
1063 2663 1088 2702 1⁵

59 2761 129 2824 suis
152 2759 302 2824 caderet.
1069 2743 1073 2749 Δ

162 2852 214 2927 2'1.
238 2862 333 2944 Quae
354 2872 534 2949 postquam
555 2861 595 2927 L.
611 2860 762 2948 Apronio
787 2861 878 2942 (nam
893 2857 1036 2924 Camillo

60 2967 285 3049 successerat)
324 2977 512 3053 comperta,
552 2967 662 3050 magis
696 2964 861 3031 dedecore
901 2984 1037 3028 suorum

60 3091 159 3156 quam
183 3067 290 3153 gloria
313 3069 421 3134 hostis
445 3071 585 3152 anxius,
614 3090 692 3134 raro
717 3090 756 3132 ea
779 3076 979 3153 tempestate
1003 3072 1035 3129 ct

61 3195 77 3238 e
98 3182 215 3238 vetere
229 3175 389 3239 momoria
405 3174 556 3239 facinore
574 3173 749 3238 decumum
765 3192 926 3258 quemque
941 3171 1035 3253 igno·

59 3278 222 3342 miniosae
237 3277 386 3343 cohortis
410 3286 500 3343 sorte
516 3277 634 3342 ductos
651 3277 732 3342 fusti
754 3282 865 3340 necat.
889 3282 1033 3338 tantum·
1061 3289 1074 3328 5

62 3403 122 3470 que
151 3381 334 3446 severitate
362 3381 568 3467 profectum,
603 3388 640 3444 ut
667 3377 830 3444 vexillum
859 3385 1034 3443 veterano·

61 3509 140 3569 rum,
164 3507 232 3551 non
248 3484 390 3572 amplius
414 3507 514 3572 quam
529 3484 705 3572 quingenti
727 3503 874 3563 numero,
898 3478 1037 3545 easdem

62 3590 289 3656 Tacfarinatis
312 3592 427 3678 copias
450 3589 668 3677 praesidium,
692 3588 746 3652 cui
769 3585 878 3651 Thala
901 3604 1034 3665 nomen,
