2552 4084
283 311 330 362 AB
347 310 511 364 EXOESSU
529 309 689 364 AUGUSTI
706 311 743 362 11.
764 311 873 362 13-16.
1011 311 1053 376 65

67 503 236 585 validum,
261 503 309 566 sie
333 501 426 568 nulla
442 500 617 570 vulnerum
631 502 815 587 patientia:
838 502 910 566 sine
925 500 1053 586 pudore
1114 533 1126 575 g

67 608 212 691 flagitii,
249 607 321 671 sine
344 627 426 678 curs
450 604 572 672 ducum
595 604 706 688 abire,
741 605 874 690 fugere,
907 603 1051 690 pavidos

70 710 244 794 adversis,
280 711 367 776 inter
397 707 544 776 secunda
567 729 635 774 non
658 707 781 792 divini,
814 729 882 774 non
914 705 1053 774 humani
1079 727 1105 766 20

70 815 157 880 iuris
181 812 354 880 memores.
402 814 430 879 si
459 812 572 880 taedio
595 802 741 880 viarum¹
756 835 796 878 ac
825 816 928 880 maris
952 814 1071 880 finem*

70 919 230 1004 cupiant,
264 917 329 983 hae
358 920 433 983 acie
455 919 586 1004 parari:
619 919 809 1004 propiorem
842 919 910 985 iam
938 915 1052 984 Albim

70 1043 177 1108 quam
190 1019 343 1086 Rhenum
365 1044 472 1107 neque
487 1021 614 1088 bellum
635 1021 735 1102 ultra,
759 1020 857 1102 modo
875 1044 920 1105 se,
943 1022 1051 1107 patris

67 1126 250 1210 patruique
272 1125 419 1210 vestigia
441 1134 656 1211 prementem,
680 1125 787 1192 isdem
810 1126 959 1192 interris
982 1128 1051 1192 vic-

69 1238 180 1294 torem
204 1229 372 1294 sisterent.
1079 1244 1104 1286 8⁵

179 1330 229 1396 15.
253 1332 450 1398 Orationem
474 1332 570 1398 ducis
601 1341 735 1398 secutus
765 1331 919 1411 militum
940 1333 1051 1417 ardor,

75 1437 276 1522 signumque
292 1457 424 1523 pugnae
449 1435 582 1503 datum
598 1457 660 1502 nec
676 1435 848 1504 Arminius
865 1445 924 1504 aut
947 1439 1052 1504 ceteri

72 1537 321 1606 Germanorum
359 1561 514 1626 proceres
555 1539 757 1605 omittebant
796 1563 873 1606 suos
911 1542 1051 1627 quisque

70 1645 205 1727 testari,
229 1643 289 1710 hos
313 1665 388 1709 esse
408 1643 577 1710 Romanos
593 1643 736 1710 Variani
760 1645 930 1712 exereitus
953 1644 1050 1728 fugu-

70 1749 237 1831 eissimos,
260 1748 382 1834 quine
404 1745 531 1814 bellum
552 1744 746 1830 tolerarent,
779 1747 979 1814 seditionem
1001 1749 1050 1813 in·
1077 1772 1089 1811 a

71 1851 226 1936 duerint3
250 1872 388 1939 quorum
402 1873 483 1938 pars
499 1860 619 1918 onusta
635 1850 831 1920 'vulneribus
846 1861 955 1936 terga,
970 1873 1051 1936 pars

68 1955 229 2021 fluetibus
254 1965 287 2020 et
308 1955 464 2042 procellis
487 1956 613 2022 fractos
637 1964 731 2020 artus
754 1955 895 2022 infensis
919 1978 1051 2020 rursum

69 2057 236 2143 hostibus,
271 2058 424 2126 adversis
463 2058 515 2126 dis
549 2058 710 2144 obiciant,
744 2059 837 2124 nulla
871 2058 953 2126 boni
981 2081 1049 2145 spe.

70 2162 218 2228 classem
240 2164 362 2250 quippe
389 2171 422 2227 et
445 2164 524 2228 avia
548 2162 679 2229 Oceani
708 2165 881 2250 quaesita,
910 2165 1049 2251 nequis
1117 2217 1119 2221 .

69 2265 286 2332 venientibus
317 2277 517 2350 occurreret,
551 2289 593 2332 ne
625 2266 741 2353 pulsos
774 2277 955 2354 premeret:
991 2267 1051 2334 sed
1078 2274 1103 2330 rt

69 2369 129 2434 ubi
152 2370 348 2436 miscuerint
377 2392 513 2454 manus,
548 2372 649 2436 inane
671 2371 772 2436 vietis
795 2380 971 2441 ventorum
999 2395 1050 2437 re-

69 2495 244 2538 morumve
268 2473 466 2541 subsidium.
488 2475 720 2540 meminissent
748 2475 846 2540 modo
871 2478 1063 2560 avaritiae„

69 2576 295 2660 crudelitatis,
319 2577 513 2664 superbiae:
542 2577 637 2645 aliud
661 2577 726 2644 sibi
753 2577 921 2664 reliquum
949 2601 1051 2666 quam

68 2689 187 2746 tenere
209 2679 402 2746 libertatem
425 2690 484 2748 aut
507 2683 593 2748 mori
616 2691 696 2748 ante
720 2681 917 2748 servitium?
972 2719 973 2722 ¹

176 2781 226 2847 16.
251 2781 308 2850 Sic
341 2807 502 2850 accensos
538 2794 569 2850 et
603 2785 768 2871 proelium
801 2796 980 2872 poscentes
1015 2788 1049 2852 in

71 2907 245 2973 campum,
268 2890 323 2955 cui
345 2888 526 2956 Idisiaviso
556 2911 693 2973 nornen,
719 2889 900 2957 deducunt.
931 2891 959 2956 is
982 2913 1048 2957 me·

71 2989 148 3056 dius
176 2992 265 3058 inter
287 2992 460 3076 Visurgim
489 3002 522 3058 et
551 2991 670 3076 colles,
705 3003 743 3060 ut
775 2995 871 3080 ripae
902 2994 1049 3060 fluminis

71 3094 197 3161 cedunt
227 3105 286 3162 aut
314 3097 539 3181 prominentia
568 3098 731 3163 montium
754 3099 927 3180 resistunt,
957 3099 1049 3164 inae-

70 3197 217 3285 qualiter
240 3199 404 3265 sinuatur.
448 3221 535 3285 pone
565 3210 697 3285 tergum
719 3201 918 3286 insurgebat
948 3201 1045 3286 silva,
1076 3221 1089 3262 s

71 3301 172 3368 editis
196 3303 232 3367 in
254 3300 360 3368 altum
375 3304 477 3368 remis
502 3314 536 3369 et
549 3325 635 3390 pura
658 3304 757 3370 humo
781 3307 869 3372 inter
891 3304 1048 3372 arborum

70 3413 219 3472 truncos.
242 3426 396 3491 campum
419 3415 452 3472 et
474 3409 583 3493 prima
607 3407 769 3474 silvarum
783 3408 931 3476 barbara
956 3411 1048 3474 acies

71 3509 194 3574 tenuit:
218 3507 281 3574 soli
304 3505 466 3576 cherusci
489 3510 569 3594 iuga
592 3511 766 3595 insedere,
792 3523 830 3578 ut
851 3511 1046 3599 proelianti·

69 3611 130 3676 bus
145 3612 307 3678 Romanis
331 3612 474 3698 desuper
496 3615 716 3680 incurrerent.
739 3625 855 3682 noster
871 3618 1041 3684 exercitus

110 3761 235 3810 merrus.
249 3763 266 3808 1.
962 3754 978 3802 5
