2552 4084
255 309 302 360 aa
320 305 485 360 nxonssu
504 307 664 360 iuousm
681 307 716 356 11.
737 307 848 356 ιιι-38.
1003 303 1044 369 79

167 497 221 566 38.
249 499 430 566 Inclinatio
460 507 598 564 senatus
629 499 885 564 incitamentum
907 493 1043 562 Tiberio

55 609 116 672 uit
147 627 217 693 quo
236 604 423 691 promptius
446 603 703 686 adversaretur,
726 601 779 668 his
803 602 907 667 ferme
928 600 1044 666 verbis

55 735 162 777 rsus:
191 706 238 774 ‘si
272 713 434 796 quantum
462 729 646 794 pauperum
682 715 733 772 est
762 708 878 772 venire
911 705 976 770 huc
1011 714 1044 770 et

58 815 181 880 iberis
206 815 275 878 suis
291 822 405 898 petere
420 813 581 899 pecunias
604 812 785 898 coeperint,
811 808 935 894 singuli
950 830 1044 874 num·

58 941 165 1004 [uam
190 915 463 1000 exsatiabuntur,
486 915 692 1002 respublica
710 914 852 980 deficiet.
875 935 937 979 nec
962 933 1044 978 sane
1070 927 1083 967 ⁵

61 1019 136 1086 deo
162 1043 185 1085 a
209 1019 393 1085 maioribus
416 1040 613 1084 concessum
641 1028 692 1084 est
723 1017 838 1102 egredi
860 1015 1043 1103 aliquando

66 1122 265 1189 elationem
299 1131 332 1187 et
367 1121 456 1209 quod
484 1124 519 1187 in
554 1143 729 1188 commune
763 1119 933 1186 conducat
968 1119 1042 1185 loco

68 1227 256 1292 ententiae
277 1226 441 1312 proferre,
471 1234 509 1290 ut
531 1227 666 1312 privata
689 1226 827 1309 negotia
857 1233 890 1289 et
917 1245 971 1289 res
993 1223 1043 1290 fa-

64 1329 221 1395 niliaree
243 1338 378 1394 nostras
401 1329 456 1395 hic
480 1350 673 1413 augeamus,
697 1350 773 1393 cum
795 1326 925 1392 invidia
948 1349 1043 1392 sona-

67 1458 112 1499 us
140 1443 174 1499 et
191 1434 391 1519 principum,
416 1434 487 1498 sive
503 1432 706 1499 indulserint
730 1433 947 1517 largitionem
971 1433 1042 1496 sive
1069 1446 1094 1484 10

61 1537 257 1603 =bnuerint
280 1559 347 1602 non
371 1538 459 1602 enim
481 1559 598 1624 preces
623 1547 700 1604 sunt
723 1536 833 1621 istud,
863 1536 923 1602 sed
953 1536 1042 1601 effla-

63 1643 209 1724 ritatio,
243 1642 481 1728 intempestiva
516 1641 650 1728 quidem
685 1651 718 1707 et
747 1643 935 1726 inprovisa,
965 1662 1042 1706 cum

63 1746 139 1810 iliis
169 1743 336 1810 derebus
367 1747 587 1810 convenerint
609 1754 740 1831 patres,
776 1765 980 1828 consurgere
1008 1753 1042 1810 et

64 1870 204 1913 rumero
227 1857 328 1935 atque
352 1856 466 1913 aetate
494 1847 639 1914 liberum
669 1870 804 1914 suorum
825 1869 946 1931 urgere
972 1868 1041 1912 mo-

59 1953 211 2016 lestiam
235 1961 388 2036 senatus,
419 1952 560 2018 eandem
582 1954 650 2017 vim
673 1953 708 2017 in
730 1974 783 2017 me
810 1952 1041 2016 transmittere
1069 1965 1092 2003 1⁵

56 2078 98 2120 oc
124 2055 222 2120 velut
250 2057 458 2142 perfringere
481 2058 662 2140 aerarium,
694 2056 782 2143 quod
806 2058 834 2121 si
857 2055 1041 2121 ambitione

54 2158 336 2244 exhauserimus,
358 2183 419 2248 per
441 2161 569 2226 scelera
593 2160 815 2248 supplendum
839 2161 911 2225 erit.
947 2157 1040 2224 dedit
1124 2177 1128 2184 ’

56 2263 135 2345 tibi,
159 2263 318 2348 Hortale,
344 2264 442 2330 divus
464 2264 640 2349 Augustus
662 2265 856 2351 pecuniam,
886 2262 946 2328 sed
973 2282 1040 2327 non

55 2364 275 2452 conpellatus
298 2390 361 2434 neo
384 2391 424 2433 ea
448 2367 539 2454 lege,
562 2378 599 2433 ut
623 2389 753 2455 semper
776 2367 922 2433 daretur.
967 2365 1039 2430 lan·

56 2479 202 2552 guesoet
226 2469 351 2556 alioqui
375 2472 558 2556 industria,
587 2473 781 2538 intendetur
810 2471 982 2554 socordia,
1011 2471 1039 2535 si
1068 2482 1094 2522 2⁰

55 2571 176 2638 nullus
211 2595 254 2638 ex
288 2597 323 2638 se
351 2583 460 2640 metus
489 2585 547 2641 aut
584 2598 676 2663 spes,
712 2584 745 2641 et
779 2575 889 2642 securi
924 2595 1038 2640 omnes

56 2675 177 2743 aliena
207 2675 359 2743 subsidia
388 2680 650 2767 exspectabunt,
681 2681 745 2746 sibi
779 2681 912 2765 ignavi,
941 2680 1038 2746 nobis

57 2775 206 2865 graves?
231 2780 315 2846 haec
338 2792 440 2870 atque
455 2783 551 2867 talia,
575 2807 776 2873 quamquam
799 2808 874 2851 cum
891 2785 1038 2851 adsensu

57 2883 183 2949 audita
211 2882 255 2948 ab
284 2885 343 2970 iis,
372 2885 492 2971 quibus
522 2889 633 2953 omnia
661 2879 866 2977 principum,
895 2888 1037 2954 honesta

58 2997 166 3074 atque
181 2987 369 3074 inhonesta,
392 2989 533 3056 laudare
548 3014 619 3057 mos
644 3001 705 3077 est,
727 2993 840 3080 plures
856 3015 917 3080 per
940 2991 1038 3057 silan·
1066 3010 1091 3050 ιι

55 3094 146 3156 tium
184 3099 241 3156 aut
277 3093 445 3160 occultum
473 3117 621 3161 murmur
650 3118 822 3183 excepere.
868 3099 1039 3181 sensitque

57 3195 236 3280 Tiberius3
267 3205 300 3260 et
329 3218 405 3263 cum
432 3200 571 3286 paulum
598 3203 802 3287 reticuisset,
830 3200 973 3267 Hortalo
1004 3203 1038 3263 sd

57 3297 278 3384 respondisse
318 3301 383 3365 ait:
425 3311 573 3368 ceterum
605 3306 633 3368 si
668 3305 822 3390 patribus
855 3305 1038 3386 videretur,

60 3401 221 3468 daturum
259 3401 376 3470 liberis
416 3407 488 3471 eius
522 3406 652 3474 ducena
687 3411 844 3475 sestertia
885 3407 1037 3492 singulis,

60 3508 118 3592 qui
143 3527 245 3570 sexus
268 3507 376 3573 virilis
400 3519 522 3574 essent.
569 3531 668 3596 egere
691 3511 751 3578 alii
774 3523 905 3598 grates:
944 3509 1036 3578 siluit
1063 3525 1089 3564 ³⁰

59 3608 236 3694 Hortalus,
259 3631 384 3696 pavore
407 3633 451 3676 an
474 3617 588 3680 avitae
609 3615 800 3682 nobilitatis
824 3619 925 3682 etiam
949 3617 1037 3680 inter
