<?xml version="1.0" encoding="UTF-8"?>
<!DOCTYPE html PUBLIC "-//W3C//DTD XHTML 1.0 Transitional//EN"
    "http://www.w3.org/TR/xhtml1/DTD/xhtml1-transitional.dtd">
<html xmlns="http://www.w3.org/1999/xhtml" xml:lang="en" lang="en">
 <head>
  <title>
</title>
<meta http-equiv="Content-Type" content="text/html;charset=utf-8" />
  <meta name='ocr-system' content='tesseract 3.04.00' />
  <meta name='ocr-capabilities' content='ocr_page ocr_carea ocr_par ocr_line ocrx_word'/>
</head>
<body>
  <div class='ocr_page' id='page_1' title='image "./corneliitacitia03tacigoog_0039.png"; bbox 0 0 2534 4084; ppageno 0'>
   <div class='ocr_carea' id='block_1_1' title="bbox 194 323 812 396">
    <p class='ocr_par' dir='ltr' id='par_1_1' title="bbox 194 323 812 396">
     <span class='ocr_line' id='line_1_1' title="bbox 194 323 812 396; baseline -0.005 -19"><span class='ocrx_word' id='word_1_1' title='bbox 194 327 359 396; x_wconf 58' lang='lat' dir='ltr'><strong>xxxvl</strong></span> <span class='ocrx_word' id='word_1_2' title='bbox 579 323 812 376; x_wconf 80' lang='lat' dir='ltr'><strong>nnounsunn.</strong></span> 
     </span>
    </p>
   </div>
   <div class='ocr_carea' id='block_1_2' title="bbox 208 511 1254 3716">
    <p class='ocr_par' dir='ltr' id='par_1_2' title="bbox 208 511 1254 2468">
     <span class='ocr_line' id='line_1_2' title="bbox 310 511 1192 584; baseline -0.005 -3"><span class='ocrx_word' id='word_1_3' title='bbox 310 515 448 581; x_wconf 82' lang='lat'><strong>46-51.</strong></span> <span class='ocrx_word' id='word_1_4' title='bbox 472 515 621 581; x_wconf 86' lang='lat' dir='ltr'><strong>Thraces</strong></span> <span class='ocrx_word' id='word_1_5' title='bbox 638 521 789 583; x_wconf 90' lang='lat' dir='ltr'><strong>montani</strong></span> <span class='ocrx_word' id='word_1_6' title='bbox 812 515 990 584; x_wconf 80' lang='lat' dir='ltr'><strong>rebellant.</strong></span> <span class='ocrx_word' id='word_1_7' title='bbox 1015 536 1036 578; x_wconf 87' lang='lat' dir='ltr'><strong>a</strong></span> <span class='ocrx_word' id='word_1_8' title='bbox 1060 511 1192 579; x_wconf 87' lang='lat' dir='ltr'><strong>Sabino</strong></span> 
     </span>
     <span class='ocr_line' id='line_1_3' title="bbox 208 616 1193 708; baseline -0.005 -22"><span class='ocrx_word' id='word_1_9' title='bbox 208 621 297 708; x_wconf 88' lang='lat' dir='ltr'><strong>pulsi</strong></span> <span class='ocrx_word' id='word_1_10' title='bbox 331 623 366 686; x_wconf 92' lang='lat' dir='ltr'><strong>in</strong></span> <span class='ocrx_word' id='word_1_11' title='bbox 401 620 566 704; x_wconf 88' lang='lat' dir='ltr'><strong>augustiis</strong></span> <span class='ocrx_word' id='word_1_12' title='bbox 603 618 810 687; x_wconf 83' lang='lat' dir='ltr'><strong>obsidentur.</strong></span> <span class='ocrx_word' id='word_1_13' title='bbox 855 621 1024 686; x_wconf 87' lang='lat' dir='ltr'><strong>Thracum</strong></span> <span class='ocrx_word' id='word_1_14' title='bbox 1057 616 1193 684; x_wconf 86' lang='lat' dir='ltr'><strong>auxilia</strong></span> 
     </span>
     <span class='ocr_line' id='line_1_4' title="bbox 208 721 1193 812; baseline -0.006 -21"><span class='ocrx_word' id='word_1_15' title='bbox 208 726 382 812; x_wconf 89' lang='lat' dir='ltr'><strong>repentino</strong></span> <span class='ocrx_word' id='word_1_16' title='bbox 406 726 543 789; x_wconf 89' lang='lat' dir='ltr'><strong>incursu</strong></span> <span class='ocrx_word' id='word_1_17' title='bbox 577 723 733 790; x_wconf 90' lang='lat' dir='ltr'><strong>caedunt.</strong></span> <span class='ocrx_word' id='word_1_18' title='bbox 766 724 936 790; x_wconf 84' lang='lat' dir='ltr'><strong>discordia</strong></span> <span class='ocrx_word' id='word_1_19' title='bbox 966 721 1193 788; x_wconf 87' lang='lat' dir='ltr'><strong>obsessorum.</strong></span> 
     </span>
     <span class='ocr_line' id='line_1_5' title="bbox 209 825 1193 918; baseline -0.006 -23"><span class='ocrx_word' id='word_1_20' title='bbox 209 852 287 917; x_wconf 89' lang='lat' dir='ltr'><strong>pars</strong></span> <span class='ocrx_word' id='word_1_21' title='bbox 312 852 346 894; x_wconf 88' lang='lat' dir='ltr'><strong>se</strong></span> <span class='ocrx_word' id='word_1_22' title='bbox 369 829 529 894; x_wconf 88' lang='lat' dir='ltr'><strong>Romanis</strong></span> <span class='ocrx_word' id='word_1_23' title='bbox 553 827 656 911; x_wconf 85' lang='lat' dir='ltr'><strong>dedit,</strong></span> <span class='ocrx_word' id='word_1_24' title='bbox 681 826 741 893; x_wconf 89' lang='lat' dir='ltr'><strong>alii</strong></span> <span class='ocrx_word' id='word_1_25' title='bbox 764 831 827 918; x_wconf 89' lang='lat' dir='ltr'><strong>ipsi</strong></span> <span class='ocrx_word' id='word_1_26' title='bbox 852 851 887 894; x_wconf 90' lang='lat' dir='ltr'><strong>se</strong></span> <span class='ocrx_word' id='word_1_27' title='bbox 903 827 1062 909; x_wconf 87' lang='lat' dir='ltr'><strong>caedunt,</strong></span> <span class='ocrx_word' id='word_1_28' title='bbox 1085 825 1193 891; x_wconf 89' lang='lat' dir='ltr'><strong>Ture·</strong></span> 
     </span>
     <span class='ocr_line' id='line_1_6' title="bbox 210 930 1193 1019; baseline -0.004 -21"><span class='ocrx_word' id='word_1_29' title='bbox 210 935 256 998; x_wconf 87' lang='lat' dir='ltr'><strong>sis</strong></span> <span class='ocrx_word' id='word_1_30' title='bbox 290 954 366 998; x_wconf 92' lang='lat' dir='ltr'><strong>cum</strong></span> <span class='ocrx_word' id='word_1_31' title='bbox 396 934 463 997; x_wconf 90' lang='lat' dir='ltr'><strong>suis</strong></span> <span class='ocrx_word' id='word_1_32' title='bbox 494 939 597 996; x_wconf 89' lang='lat' dir='ltr'><strong>noctu</strong></span> <span class='ocrx_word' id='word_1_33' title='bbox 626 933 768 1018; x_wconf 91' lang='lat' dir='ltr'><strong>erumpit</strong></span> <span class='ocrx_word' id='word_1_34' title='bbox 800 954 908 1019; x_wconf 88' lang='lat' dir='ltr'><strong>neque</strong></span> <span class='ocrx_word' id='word_1_35' title='bbox 935 930 1102 1018; x_wconf 83' lang='lat' dir='ltr'><strong>pervadit.</strong></span> <span class='ocrx_word' id='word_1_36' title='bbox 1141 932 1193 996; x_wconf 89' lang='lat' dir='ltr'><strong>ita</strong></span> 
     </span>
     <span class='ocr_line' id='line_1_7' title="bbox 211 1032 1193 1102; baseline -0.004 0"><span class='ocrx_word' id='word_1_37' title='bbox 211 1046 332 1102; x_wconf 88' lang='lat' dir='ltr'><strong>coacta</strong></span> <span class='ocrx_word' id='word_1_38' title='bbox 369 1034 505 1102; x_wconf 90' lang='lat' dir='ltr'><strong>deditio.</strong></span> <span class='ocrx_word' id='word_1_39' title='bbox 543 1071 584 1080; x_wconf 89' lang='lat'>-</span> <span class='ocrx_word' id='word_1_40' title='bbox 618 1032 670 1100; x_wconf 80' lang='lat'><strong>52.</strong></span> <span class='ocrx_word' id='word_1_41' title='bbox 705 1033 848 1102; x_wconf 81' lang='lat' dir='ltr'><strong>Claudia</strong></span> <span class='ocrx_word' id='word_1_42' title='bbox 884 1036 1030 1102; x_wconf 89' lang='lat' dir='ltr'><strong>Pulchra</strong></span> <span class='ocrx_word' id='word_1_43' title='bbox 1063 1035 1193 1100; x_wconf 82' lang='lat' dir='ltr'><strong>Romae</strong></span> 
     </span>
     <span class='ocr_line' id='line_1_8' title="bbox 212 1137 1193 1206; baseline -0.004 -1"><span class='ocrx_word' id='word_1_44' title='bbox 212 1139 371 1206; x_wconf 89' lang='lat' dir='ltr'><strong>adulterii</strong></span> <span class='ocrx_word' id='word_1_45' title='bbox 405 1149 568 1205; x_wconf 89' lang='lat' dir='ltr'><strong>accusata</strong></span> <span class='ocrx_word' id='word_1_46' title='bbox 603 1162 678 1205; x_wconf 90' lang='lat' dir='ltr'><strong>cnm</strong></span> <span class='ocrx_word' id='word_1_47' title='bbox 701 1139 829 1205; x_wconf 85' lang='lat' dir='ltr'><strong>Furnio</strong></span> <span class='ocrx_word' id='word_1_48' title='bbox 859 1140 1048 1205; x_wconf 88' lang='lat' dir='ltr'><strong>damnatur.</strong></span> <span class='ocrx_word' id='word_1_49' title='bbox 1071 1175 1114 1184; x_wconf 96' lang='lat'>—</span> <span class='ocrx_word' id='word_1_50' title='bbox 1138 1137 1193 1201; x_wconf 82' lang='lat'><strong>53.</strong></span> 
     </span>
     <span class='ocr_line' id='line_1_9' title="bbox 210 1243 1191 1330; baseline -0.003 -22"><span class='ocrx_word' id='word_1_51' title='bbox 210 1243 399 1330; x_wconf 88' lang='lat' dir='ltr'><strong>Agrippina</strong></span> <span class='ocrx_word' id='word_1_52' title='bbox 432 1243 591 1308; x_wconf 89' lang='lat' dir='ltr'><strong>maritum</strong></span> <span class='ocrx_word' id='word_1_53' title='bbox 624 1244 710 1328; x_wconf 90' lang='lat' dir='ltr'><strong>petit</strong></span> <span class='ocrx_word' id='word_1_54' title='bbox 743 1243 922 1309; x_wconf 87' lang='lat' dir='ltr'><strong>aTiberio</strong></span> <span class='ocrx_word' id='word_1_55' title='bbox 950 1265 1059 1330; x_wconf 90' lang='lat' dir='ltr'><strong>nequo</strong></span> <span class='ocrx_word' id='word_1_56' title='bbox 1088 1243 1191 1328; x_wconf 91' lang='lat' dir='ltr'><strong>impe-</strong></span> 
     </span>
     <span class='ocr_line' id='line_1_10' title="bbox 211 1344 1192 1433; baseline -0.004 -21"><span class='ocrx_word' id='word_1_57' title='bbox 211 1357 289 1412; x_wconf 89' lang='lat' dir='ltr'><strong>trat.</strong></span> <span class='ocrx_word' id='word_1_58' title='bbox 324 1383 366 1391; x_wconf 95' lang='lat'><strong>—</strong></span> <span class='ocrx_word' id='word_1_59' title='bbox 401 1344 453 1411; x_wconf 83' lang='lat'><strong>54.</strong></span> <span class='ocrx_word' id='word_1_60' title='bbox 484 1346 626 1412; x_wconf 84' lang='lat' dir='ltr'><strong>Seianus</strong></span> <span class='ocrx_word' id='word_1_61' title='bbox 656 1345 865 1433; x_wconf 82' lang='lat' dir='ltr'><strong>Agrippinae</strong></span> <span class='ocrx_word' id='word_1_62' title='bbox 899 1345 1042 1413; x_wconf 89' lang='lat' dir='ltr'><strong>insidias</strong></span> <span class='ocrx_word' id='word_1_63' title='bbox 1078 1345 1192 1411; x_wconf 84' lang='lat' dir='ltr'><strong>struit.</strong></span> 
     </span>
     <span class='ocr_line' id='line_1_11' title="bbox 210 1447 1192 1534; baseline -0.002 -20"><span class='ocrx_word' id='word_1_64' title='bbox 210 1487 251 1496; x_wconf 91' lang='lat'>-</span> <span class='ocrx_word' id='word_1_65' title='bbox 280 1449 331 1516; x_wconf 82' lang='lat'><strong>55.</strong></span> <span class='ocrx_word' id='word_1_66' title='bbox 366 1450 523 1517; x_wconf 84' lang='lat' dir='ltr'><strong>undecim</strong></span> <span class='ocrx_word' id='word_1_67' title='bbox 556 1449 655 1515; x_wconf 86' lang='lat' dir='ltr'><strong>urbes</strong></span> <span class='ocrx_word' id='word_1_68' title='bbox 684 1449 788 1515; x_wconf 89' lang='lat' dir='ltr'><strong>Asiae</strong></span> <span class='ocrx_word' id='word_1_69' title='bbox 821 1459 954 1516; x_wconf 90' lang='lat' dir='ltr'><strong>certant</strong></span> <span class='ocrx_word' id='word_1_70' title='bbox 990 1450 1032 1516; x_wconf 93' lang='lat' dir='ltr'><strong>de</strong></span> <span class='ocrx_word' id='word_1_71' title='bbox 1066 1447 1192 1534; x_wconf 92' lang='lat' dir='ltr'><strong>templo</strong></span> 
     </span>
     <span class='ocr_line' id='line_1_12' title="bbox 211 1551 1193 1638; baseline -0.002 -19"><span class='ocrx_word' id='word_1_72' title='bbox 211 1555 347 1621; x_wconf 85' lang='lat' dir='ltr'><strong>Tiberio</strong></span> <span class='ocrx_word' id='word_1_73' title='bbox 388 1555 604 1621; x_wconf 86' lang='lat' dir='ltr'><strong>exstruendo.</strong></span> <span class='ocrx_word' id='word_1_74' title='bbox 644 1590 685 1598; x_wconf 93' lang='lat'><em>-</em></span> <span class='ocrx_word' id='word_1_75' title='bbox 731 1551 782 1616; x_wconf 84' lang='lat'><strong>56.</strong></span> <span class='ocrx_word' id='word_1_76' title='bbox 827 1556 939 1638; x_wconf 90' lang='lat' dir='ltr'><strong>rogati</strong></span> <span class='ocrx_word' id='word_1_77' title='bbox 987 1554 1193 1620; x_wconf 85' lang='lat' dir='ltr'><strong>sententiam</strong></span> 
     </span>
     <span class='ocr_line' id='line_1_13' title="bbox 211 1656 1252 1745; baseline -0.003 -22"><span class='ocrx_word' id='word_1_78' title='bbox 211 1668 324 1745; x_wconf 90' lang='lat' dir='ltr'><strong>patres</strong></span> <span class='ocrx_word' id='word_1_79' title='bbox 348 1659 553 1745; x_wconf 86' lang='lat' dir='ltr'><strong>Zmyrnaeos</strong></span> <span class='ocrx_word' id='word_1_80' title='bbox 577 1656 780 1744; x_wconf 85' lang='lat' dir='ltr'><strong>praeferunt.</strong></span> <span class='ocrx_word' id='word_1_81' title='bbox 803 1695 845 1702; x_wconf 89' lang='lat'>—</span> <span class='ocrx_word' id='word_1_82' title='bbox 861 1657 900 1721; x_wconf 73' lang='lat'><strong>57</strong></span> <span class='ocrx_word' id='word_1_83' title='bbox 919 1668 952 1728; x_wconf 89' lang='lat' dir='ltr'><strong>et</strong></span> <span class='ocrx_word' id='word_1_84' title='bbox 967 1658 1018 1724; x_wconf 81' lang='lat'><strong>58.</strong></span> <span class='ocrx_word' id='word_1_85' title='bbox 1035 1657 1193 1722; x_wconf 85' lang='lat' dir='ltr'><strong>Tiberius</strong></span> <span class='ocrx_word' id='word_1_86' title='bbox 1251 1667 1252 1684; x_wconf 66' lang='lat'>¹</span> 
     </span>
     <span class='ocr_line' id='line_1_14' title="bbox 213 1759 1192 1846; baseline -0.004 -19"><span class='ocrx_word' id='word_1_87' title='bbox 213 1761 316 1828; x_wconf 90' lang='lat' dir='ltr'><strong>dubia</strong></span> <span class='ocrx_word' id='word_1_88' title='bbox 341 1761 383 1827; x_wconf 91' lang='lat' dir='ltr'><strong>de</strong></span> <span class='ocrx_word' id='word_1_89' title='bbox 406 1781 509 1829; x_wconf 89' lang='lat' dir='ltr'><strong>causa</strong></span> <span class='ocrx_word' id='word_1_90' title='bbox 532 1763 568 1827; x_wconf 93' lang='lat' dir='ltr'><strong>in</strong></span> <span class='ocrx_word' id='word_1_91' title='bbox 584 1759 805 1846; x_wconf 80' lang='lat' dir='ltr'><strong>Campaniam</strong></span> <span class='ocrx_word' id='word_1_92' title='bbox 819 1761 975 1827; x_wconf 82' lang='lat' dir='ltr'><strong>abscedit</strong></span> <span class='ocrx_word' id='word_1_93' title='bbox 998 1770 1071 1826; x_wconf 89' lang='lat' dir='ltr'><strong>arto</strong></span> <span class='ocrx_word' id='word_1_94' title='bbox 1089 1762 1192 1825; x_wconf 90' lang='lat' dir='ltr'><strong>comi-</strong></span> 
     </span>
     <span class='ocr_line' id='line_1_15' title="bbox 213 1863 1193 1932; baseline -0.002 -3"><span class='ocrx_word' id='word_1_95' title='bbox 213 1874 298 1930; x_wconf 92' lang='lat' dir='ltr'><strong>tatu.</strong></span> <span class='ocrx_word' id='word_1_96' title='bbox 335 1863 505 1931; x_wconf 88' lang='lat' dir='ltr'><strong>discessus</strong></span> <span class='ocrx_word' id='word_1_97' title='bbox 533 1867 604 1932; x_wconf 92' lang='lat' dir='ltr'><strong>eius</strong></span> <span class='ocrx_word' id='word_1_98' title='bbox 631 1864 744 1930; x_wconf 90' lang='lat' dir='ltr'><strong>multis</strong></span> <span class='ocrx_word' id='word_1_99' title='bbox 769 1867 865 1930; x_wconf 84' lang='lat' dir='ltr'><strong>exitii</strong></span> <span class='ocrx_word' id='word_1_100' title='bbox 889 1887 1003 1930; x_wconf 90' lang='lat' dir='ltr'><strong>causa.</strong></span> <span class='ocrx_word' id='word_1_101' title='bbox 1026 1901 1068 1910; x_wconf 91' lang='lat'>-</span> <span class='ocrx_word' id='word_1_102' title='bbox 1092 1863 1135 1927; x_wconf 82' lang='lat'><strong>59</strong></span> <span class='ocrx_word' id='word_1_103' title='bbox 1159 1877 1193 1928; x_wconf 88' lang='lat' dir='ltr'><strong>et</strong></span> 
     </span>
     <span class='ocr_line' id='line_1_16' title="bbox 213 1961 1253 2056; baseline 0.003 -27"><span class='ocrx_word' id='word_1_104' title='bbox 213 1965 264 2032; x_wconf 85' lang='grc'><strong>60.</strong></span> <span class='ocrx_word' id='word_1_105' title='bbox 288 1970 323 2033; x_wconf 90' lang='lat' dir='ltr'><strong>in</strong></span> <span class='ocrx_word' id='word_1_106' title='bbox 346 1967 507 2055; x_wconf 89' lang='lat' dir='ltr'><strong>spelunca</strong></span> <span class='ocrx_word' id='word_1_107' title='bbox 522 1970 695 2054; x_wconf 88' lang='lat' dir='ltr'><strong>repentino</strong></span> <span class='ocrx_word' id='word_1_108' title='bbox 720 1967 873 2054; x_wconf 90' lang='lat' dir='ltr'><strong>lapidum</strong></span> <span class='ocrx_word' id='word_1_109' title='bbox 895 1968 992 2056; x_wconf 88' lang='lat' dir='ltr'><strong>lapsu</strong></span> <span class='ocrx_word' id='word_1_110' title='bbox 1020 1965 1192 2055; x_wconf 85' lang='lat' dir='ltr'><strong>periclita·</strong></span> <span class='ocrx_word' id='word_1_111' title='bbox 1252 1961 1253 1966; x_wconf 60' lang='grc'>’</span> 
     </span>
     <span class='ocr_line' id='line_1_17' title="bbox 214 2069 1193 2156; baseline -0.001 -20"><span class='ocrx_word' id='word_1_112' title='bbox 214 2082 267 2137; x_wconf 89' lang='lat' dir='ltr'><strong>tus</strong></span> <span class='ocrx_word' id='word_1_113' title='bbox 296 2094 317 2136; x_wconf 91' lang='lat' dir='ltr'><strong>a</strong></span> <span class='ocrx_word' id='word_1_114' title='bbox 341 2069 463 2137; x_wconf 88' lang='lat' dir='ltr'><strong>Seiano</strong></span> <span class='ocrx_word' id='word_1_115' title='bbox 487 2082 657 2156; x_wconf 81' lang='lat' dir='ltr'><strong>servatnr3</strong></span> <span class='ocrx_word' id='word_1_116' title='bbox 679 2072 758 2137; x_wconf 89' lang='lat' dir='ltr'><strong>hinc</strong></span> <span class='ocrx_word' id='word_1_117' title='bbox 781 2074 888 2139; x_wconf 89' lang='lat' dir='ltr'><strong>maior</strong></span> <span class='ocrx_word' id='word_1_118' title='bbox 910 2075 980 2139; x_wconf 88' lang='lat' dir='ltr'><strong>eius</strong></span> <span class='ocrx_word' id='word_1_119' title='bbox 1008 2071 1104 2140; x_wconf 86' lang='lat' dir='ltr'><strong>fides.</strong></span> <span class='ocrx_word' id='word_1_120' title='bbox 1128 2071 1193 2136; x_wconf 91' lang='lat' dir='ltr'><strong>Ne-</strong></span> 
     </span>
     <span class='ocr_line' id='line_1_18' title="bbox 213 2172 1194 2260; baseline 0 -21"><span class='ocrx_word' id='word_1_121' title='bbox 213 2196 327 2240; x_wconf 90' lang='lat' dir='ltr'><strong>ronem</strong></span> <span class='ocrx_word' id='word_1_122' title='bbox 358 2172 553 2240; x_wconf 83' lang='lat' dir='ltr'><strong>Germanici</strong></span> <span class='ocrx_word' id='word_1_123' title='bbox 585 2174 691 2240; x_wconf 88' lang='lat' dir='ltr'><strong>{ilium</strong></span> <span class='ocrx_word' id='word_1_124' title='bbox 725 2196 908 2260; x_wconf 78' lang='lat' dir='ltr'><strong>aggressus</strong></span> <span class='ocrx_word' id='word_1_125' title='bbox 947 2175 1124 2242; x_wconf 89' lang='lat' dir='ltr'><strong>calumniis</strong></span> <span class='ocrx_word' id='word_1_126' title='bbox 1159 2187 1194 2240; x_wconf 89' lang='lat' dir='ltr'><strong>et</strong></span> 
     </span>
     <span class='ocr_line' id='line_1_19' title="bbox 214 2271 1254 2367; baseline -0.002 -23"><span class='ocrx_word' id='word_1_127' title='bbox 214 2281 318 2367; x_wconf 88' lang='lat' dir='ltr'><strong>ipsius</strong></span> <span class='ocrx_word' id='word_1_128' title='bbox 352 2279 578 2365; x_wconf 89' lang='lat' dir='ltr'><strong>imprudentia</strong></span> <span class='ocrx_word' id='word_1_129' title='bbox 606 2281 778 2366; x_wconf 84' lang='lat' dir='ltr'><strong>pervertit.</strong></span> <span class='ocrx_word' id='word_1_130' title='bbox 815 2317 857 2325; x_wconf 90' lang='lat'>—</span> <span class='ocrx_word' id='word_1_131' title='bbox 895 2279 945 2344; x_wconf 90' lang='grc'><strong>61.</strong></span> <span class='ocrx_word' id='word_1_132' title='bbox 968 2302 1057 2345; x_wconf 90' lang='lat' dir='ltr'><strong>mors</strong></span> <span class='ocrx_word' id='word_1_133' title='bbox 1081 2278 1194 2344; x_wconf 84' lang='lat' dir='ltr'><strong>Asinii</strong></span> <span class='ocrx_word' id='word_1_134' title='bbox 1253 2271 1254 2284; x_wconf 48' lang='lat'>¹</span> 
     </span>
     <span class='ocr_line' id='line_1_20' title="bbox 214 2382 672 2468; baseline 0.002 -21"><span class='ocrx_word' id='word_1_135' title='bbox 214 2382 386 2468; x_wconf 85' lang='lat' dir='ltr'><strong>Agrippae</strong></span> <span class='ocrx_word' id='word_1_136' title='bbox 409 2392 442 2448; x_wconf 90' lang='lat' dir='ltr'><strong>et</strong></span> <span class='ocrx_word' id='word_1_137' title='bbox 465 2382 505 2464; x_wconf 79' lang='lat' dir='ltr'><strong>Q.</strong></span> <span class='ocrx_word' id='word_1_138' title='bbox 528 2383 672 2448; x_wconf 90' lang='lat' dir='ltr'><strong>Haterii.</strong></span> 
     </span>
    </p>

    <p class='ocr_par' dir='ltr' id='par_1_3' title="bbox 214 2483 1192 3091">
     <span class='ocr_line' id='line_1_21' title="bbox 319 2483 1192 2572; baseline 0.002 -24"><span class='ocrx_word' id='word_1_139' title='bbox 319 2484 360 2548; x_wconf 76' lang='grc'><strong>62</strong></span> <span class='ocrx_word' id='word_1_140' title='bbox 390 2497 423 2551; x_wconf 89' lang='lat' dir='ltr'><strong>et</strong></span> <span class='ocrx_word' id='word_1_141' title='bbox 452 2483 503 2550; x_wconf 89' lang='lat'><strong>63.</strong></span> <span class='ocrx_word' id='word_1_142' title='bbox 528 2485 777 2572; x_wconf 90' lang='lat' dir='ltr'><strong>Amphitheatri</strong></span> <span class='ocrx_word' id='word_1_143' title='bbox 808 2509 889 2553; x_wconf 89' lang='lat' dir='ltr'><strong>casu</strong></span> <span class='ocrx_word' id='word_1_144' title='bbox 915 2486 1055 2551; x_wconf 87' lang='lat' dir='ltr'><strong>Fidenis</strong></span> <span class='ocrx_word' id='word_1_145' title='bbox 1085 2486 1192 2552; x_wconf 91' lang='lat' dir='ltr'><strong>multa</strong></span> 
     </span>
     <span class='ocr_line' id='line_1_22' title="bbox 214 2586 1192 2657; baseline -0.003 -2"><span class='ocrx_word' id='word_1_146' title='bbox 214 2591 384 2656; x_wconf 91' lang='lat' dir='ltr'><strong>hominum</strong></span> <span class='ocrx_word' id='word_1_147' title='bbox 406 2589 501 2655; x_wconf 92' lang='lat' dir='ltr'><strong>milia</strong></span> <span class='ocrx_word' id='word_1_148' title='bbox 525 2588 705 2657; x_wconf 89' lang='lat' dir='ltr'><strong>debilitata</strong></span> <span class='ocrx_word' id='word_1_149' title='bbox 728 2589 783 2657; x_wconf 88' lang='lat' dir='ltr'><strong>vel</strong></span> <span class='ocrx_word' id='word_1_150' title='bbox 807 2589 937 2656; x_wconf 91' lang='lat' dir='ltr'><strong>obruta.</strong></span> <span class='ocrx_word' id='word_1_151' title='bbox 961 2626 1002 2635; x_wconf 90' lang='lat'>-</span> <span class='ocrx_word' id='word_1_152' title='bbox 1024 2586 1068 2652; x_wconf 86' lang='grc'><strong>64</strong></span> <span class='ocrx_word' id='word_1_153' title='bbox 1090 2597 1123 2654; x_wconf 93' lang='lat' dir='ltr'><strong>et</strong></span> <span class='ocrx_word' id='word_1_154' title='bbox 1140 2587 1192 2653; x_wconf 75' lang='grc'><strong>66.</strong></span> 
     </span>
     <span class='ocr_line' id='line_1_23' title="bbox 215 2691 1192 2778; baseline -0.001 -19"><span class='ocrx_word' id='word_1_155' title='bbox 215 2694 341 2759; x_wconf 90' lang='lat' dir='ltr'><strong>Romae</strong></span> <span class='ocrx_word' id='word_1_156' title='bbox 364 2691 556 2758; x_wconf 84' lang='lat' dir='ltr'><strong>incendium</strong></span> <span class='ocrx_word' id='word_1_157' title='bbox 580 2692 690 2758; x_wconf 88' lang='lat' dir='ltr'><strong>deurit</strong></span> <span class='ocrx_word' id='word_1_158' title='bbox 706 2692 859 2760; x_wconf 84' lang='lat' dir='ltr'><strong>Caelium</strong></span> <span class='ocrx_word' id='word_1_159' title='bbox 880 2702 1037 2777; x_wconf 83' lang='lat' dir='ltr'><strong>montem,</strong></span> <span class='ocrx_word' id='word_1_160' title='bbox 1061 2694 1110 2759; x_wconf 86' lang='lat' dir='ltr'><strong>sic</strong></span> <span class='ocrx_word' id='word_1_161' title='bbox 1135 2714 1192 2778; x_wconf 85' lang='lat' dir='ltr'><strong>ap-</strong></span> 
     </span>
     <span class='ocr_line' id='line_1_24' title="bbox 216 2792 1192 2882; baseline 0.002 -22"><span class='ocrx_word' id='word_1_162' title='bbox 216 2794 404 2882; x_wconf 91' lang='lat' dir='ltr'><strong>pellitatum</strong></span> <span class='ocrx_word' id='word_1_163' title='bbox 432 2819 452 2861; x_wconf 88' lang='lat' dir='ltr'><strong>a</strong></span> <span class='ocrx_word' id='word_1_164' title='bbox 481 2792 583 2862; x_wconf 81' lang='lat' dir='ltr'><strong>Caele</strong></span> <span class='ocrx_word' id='word_1_165' title='bbox 605 2795 762 2862; x_wconf 85' lang='lat' dir='ltr'><strong>Vibenna</strong></span> <span class='ocrx_word' id='word_1_166' title='bbox 784 2797 1004 2864; x_wconf 84' lang='lat' dir='ltr'><strong>Etruscorum</strong></span> <span class='ocrx_word' id='word_1_167' title='bbox 1032 2796 1127 2863; x_wconf 91' lang='lat' dir='ltr'><strong>duce.</strong></span> <span class='ocrx_word' id='word_1_168' title='bbox 1151 2833 1192 2842; x_wconf 87' lang='lat'>-</span> 
     </span>
     <span class='ocr_line' id='line_1_25' title="bbox 215 2897 1192 2967; baseline 0.002 -5"><span class='ocrx_word' id='word_1_169' title='bbox 215 2897 267 2964; x_wconf 89' lang='grc'><strong>66.</strong></span> <span class='ocrx_word' id='word_1_170' title='bbox 283 2899 395 2964; x_wconf 90' lang='lat' dir='ltr'><strong>Varus</strong></span> <span class='ocrx_word' id='word_1_171' title='bbox 413 2908 605 2965; x_wconf 86' lang='lat' dir='ltr'><strong>accusatur.</strong></span> <span class='ocrx_word' id='word_1_172' title='bbox 622 2900 657 2965; x_wconf 94' lang='lat' dir='ltr'><strong>P.</strong></span> <span class='ocrx_word' id='word_1_173' title='bbox 674 2899 856 2967; x_wconf 89' lang='lat' dir='ltr'><strong>Dolabella</strong></span> <span class='ocrx_word' id='word_1_174' title='bbox 873 2903 982 2967; x_wconf 90' lang='lat' dir='ltr'><strong>socius</strong></span> <span class='ocrx_word' id='word_1_175' title='bbox 1000 2900 1192 2966; x_wconf 86' lang='lat' dir='ltr'><strong>delationis.</strong></span> 
     </span>
     <span class='ocr_line' id='line_1_26' title="bbox 216 2999 1122 3091; baseline 0.006 -28"><span class='ocrx_word' id='word_1_176' title='bbox 216 3037 258 3048; x_wconf 89' lang='grc'>-</span> <span class='ocrx_word' id='word_1_177' title='bbox 282 2999 332 3066; x_wconf 78' lang='grc'><strong>67.</strong></span> <span class='ocrx_word' id='word_1_178' title='bbox 356 3003 511 3088; x_wconf 89' lang='lat' dir='ltr'><strong>princeps</strong></span> <span class='ocrx_word' id='word_1_179' title='bbox 542 3004 577 3066; x_wconf 95' lang='lat' dir='ltr'><strong>in</strong></span> <span class='ocrx_word' id='word_1_180' title='bbox 607 3003 750 3070; x_wconf 90' lang='lat' dir='ltr'><strong>insulam</strong></span> <span class='ocrx_word' id='word_1_181' title='bbox 774 3001 922 3091; x_wconf 79' lang='lat' dir='ltr'><strong>Capreas</strong></span> <span class='ocrx_word' id='word_1_182' title='bbox 952 3026 987 3068; x_wconf 92' lang='lat' dir='ltr'><strong>se</strong></span> <span class='ocrx_word' id='word_1_183' title='bbox 1017 3004 1122 3070; x_wconf 91' lang='lat' dir='ltr'><strong>abdit.</strong></span> 
     </span>
    </p>

    <p class='ocr_par' dir='ltr' id='par_1_4' title="bbox 217 3104 1193 3716">
     <span class='ocr_line' id='line_1_27' title="bbox 320 3104 1191 3194; baseline 0.003 -25"><span class='ocrx_word' id='word_1_184' title='bbox 320 3104 456 3170; x_wconf 79' lang='grc'><strong>68-70,</strong></span> <span class='ocrx_word' id='word_1_185' title='bbox 470 3106 581 3172; x_wconf 88' lang='lat' dir='ltr'><strong>Titius</strong></span> <span class='ocrx_word' id='word_1_186' title='bbox 594 3104 739 3173; x_wconf 86' lang='lat' dir='ltr'><strong>Sabinus</strong></span> <span class='ocrx_word' id='word_1_187' title='bbox 752 3110 842 3194; x_wconf 88' lang='lat' dir='ltr'><strong>turpi</strong></span> <span class='ocrx_word' id='word_1_188' title='bbox 854 3107 972 3174; x_wconf 88' lang='lat' dir='ltr'><strong>fraude</strong></span> <span class='ocrx_word' id='word_1_189' title='bbox 984 3110 1191 3173; x_wconf 86' lang='lat' dir='ltr'><strong>circumven-</strong></span> 
     </span>
     <span class='ocr_line' id='line_1_28' title="bbox 218 3209 1191 3298; baseline 0 -23"><span class='ocrx_word' id='word_1_190' title='bbox 218 3221 272 3275; x_wconf 90' lang='lat' dir='ltr'><strong>tus</strong></span> <span class='ocrx_word' id='word_1_191' title='bbox 289 3209 469 3276; x_wconf 88' lang='lat' dir='ltr'><strong>damnatur</strong></span> <span class='ocrx_word' id='word_1_192' title='bbox 484 3212 566 3297; x_wconf 91' lang='lat' dir='ltr'><strong>ipsis</strong></span> <span class='ocrx_word' id='word_1_193' title='bbox 591 3210 670 3276; x_wconf 90' lang='lat' dir='ltr'><strong>anni</strong></span> <span class='ocrx_word' id='word_1_194' title='bbox 686 3210 852 3276; x_wconf 88' lang='lat' dir='ltr'><strong>Kalendis</strong></span> <span class='ocrx_word' id='word_1_195' title='bbox 870 3221 901 3277; x_wconf 92' lang='lat' dir='ltr'><strong>et</strong></span> <span class='ocrx_word' id='word_1_196' title='bbox 925 3211 970 3278; x_wconf 92' lang='lat' dir='ltr'><strong>ad</strong></span> <span class='ocrx_word' id='word_1_197' title='bbox 992 3210 1191 3298; x_wconf 92' lang='lat' dir='ltr'><strong>supplicium</strong></span> 
     </span>
     <span class='ocr_line' id='line_1_29' title="bbox 217 3312 1191 3384; baseline 0.004 -6"><span class='ocrx_word' id='word_1_198' title='bbox 217 3314 371 3380; x_wconf 89' lang='lat' dir='ltr'><strong>trahitur.</strong></span> <span class='ocrx_word' id='word_1_199' title='bbox 395 3351 437 3359; x_wconf 86' lang='lat'>—</span> <span class='ocrx_word' id='word_1_200' title='bbox 453 3312 504 3379; x_wconf 81' lang='lat'><strong>71.</strong></span> <span class='ocrx_word' id='word_1_201' title='bbox 527 3315 682 3382; x_wconf 82' lang='lat' dir='ltr'><strong>Tiberius</strong></span> <span class='ocrx_word' id='word_1_202' title='bbox 706 3325 849 3382; x_wconf 89' lang='lat' dir='ltr'><strong>mentem</strong></span> <span class='ocrx_word' id='word_1_203' title='bbox 873 3340 968 3384; x_wconf 90' lang='lat' dir='ltr'><strong>snam</strong></span> <span class='ocrx_word' id='word_1_204' title='bbox 990 3316 1119 3384; x_wconf 88' lang='lat' dir='ltr'><strong>recludi</strong></span> <span class='ocrx_word' id='word_1_205' title='bbox 1143 3318 1191 3382; x_wconf 92' lang='lat' dir='ltr'><strong>in·</strong></span> 
     </span>
     <span class='ocr_line' id='line_1_30' title="bbox 219 3419 1193 3509; baseline -0.003 -24"><span class='ocrx_word' id='word_1_206' title='bbox 219 3419 387 3505; x_wconf 84' lang='lat' dir='ltr'><strong>dignatur.</strong></span> <span class='ocrx_word' id='word_1_207' title='bbox 411 3419 498 3485; x_wconf 88' lang='lat' dir='ltr'><strong>Iulia</strong></span> <span class='ocrx_word' id='word_1_208' title='bbox 520 3423 631 3509; x_wconf 87' lang='lat' dir='ltr'><strong>neptis</strong></span> <span class='ocrx_word' id='word_1_209' title='bbox 646 3421 793 3505; x_wconf 88' lang='lat' dir='ltr'><strong>Augusti</strong></span> <span class='ocrx_word' id='word_1_210' title='bbox 820 3432 960 3487; x_wconf 91' lang='lat' dir='ltr'><strong>mortem</strong></span> <span class='ocrx_word' id='word_1_211' title='bbox 983 3420 1064 3486; x_wconf 94' lang='lat' dir='ltr'><strong>obit.</strong></span> <span class='ocrx_word' id='word_1_212' title='bbox 1087 3457 1129 3466; x_wconf 95' lang='lat'><em>-</em></span> <span class='ocrx_word' id='word_1_213' title='bbox 1153 3420 1193 3483; x_wconf 76' lang='lat'><strong>72</strong></span> 
     </span>
     <span class='ocr_line' id='line_1_31' title="bbox 219 3522 1190 3611; baseline 0.002 -23"><span class='ocrx_word' id='word_1_214' title='bbox 219 3534 253 3590; x_wconf 89' lang='lat' dir='ltr'><strong>et</strong></span> <span class='ocrx_word' id='word_1_215' title='bbox 276 3522 328 3587; x_wconf 78' lang='lat'><strong>73.</strong></span> <span class='ocrx_word' id='word_1_216' title='bbox 351 3523 455 3589; x_wconf 86' lang='lat' dir='ltr'><strong>Frisii</strong></span> <span class='ocrx_word' id='word_1_217' title='bbox 479 3547 582 3590; x_wconf 87' lang='lat' dir='ltr'><strong>avare</strong></span> <span class='ocrx_word' id='word_1_218' title='bbox 605 3524 714 3591; x_wconf 90' lang='lat' dir='ltr'><strong>habiti</strong></span> <span class='ocrx_word' id='word_1_219' title='bbox 737 3524 914 3592; x_wconf 87' lang='lat' dir='ltr'><strong>rebellant.</strong></span> <span class='ocrx_word' id='word_1_220' title='bbox 943 3547 999 3591; x_wconf 87' lang='lat' dir='ltr'><strong>eos</strong></span> <span class='ocrx_word' id='word_1_221' title='bbox 1023 3525 1062 3591; x_wconf 93' lang='lat' dir='ltr'><strong>L.</strong></span> <span class='ocrx_word' id='word_1_222' title='bbox 1087 3523 1190 3611; x_wconf 91' lang='lat' dir='ltr'><strong>Apro-</strong></span> 
     </span>
     <span class='ocr_line' id='line_1_32' title="bbox 218 3628 1190 3716; baseline -0.002 -22"><span class='ocrx_word' id='word_1_223' title='bbox 218 3630 294 3694; x_wconf 90' lang='lat' dir='ltr'><strong>nius</strong></span> <span class='ocrx_word' id='word_1_224' title='bbox 318 3650 508 3714; x_wconf 85' lang='lat' dir='ltr'><strong>repressum</strong></span> <span class='ocrx_word' id='word_1_225' title='bbox 524 3632 561 3713; x_wconf 87' lang='lat' dir='ltr'><strong>it,</strong></span> <span class='ocrx_word' id='word_1_226' title='bbox 584 3652 701 3716; x_wconf 90' lang='lat' dir='ltr'><strong>parum</strong></span> <span class='ocrx_word' id='word_1_227' title='bbox 724 3629 878 3696; x_wconf 80' lang='lat' dir='ltr'><strong>feliciter.</strong></span> <span class='ocrx_word' id='word_1_228' title='bbox 902 3667 943 3676; x_wconf 89' lang='lat'>-</span> <span class='ocrx_word' id='word_1_229' title='bbox 966 3630 1015 3694; x_wconf 69' lang='lat'><strong>74.</strong></span> <span class='ocrx_word' id='word_1_230' title='bbox 1038 3628 1190 3694; x_wconf 86' lang='lat' dir='ltr'><strong>Tiberius</strong></span> 
     </span>
    </p>
   </div>
   <div class='ocr_carea' id='block_1_3' title="bbox 0 0 1282 4084">
    <p class='ocr_par' dir='ltr' id='par_1_5' title="bbox 0 0 1282 4084">
     <span class='ocr_line' id='line_1_33' title="bbox 0 0 1282 4084; baseline 0 0"><span class='ocrx_word' id='word_1_231' title='bbox 0 0 1282 4084; x_wconf 95' lang='lat' dir='ltr'><strong> </strong></span> 
     </span>
    </p>
   </div>
  </div>
 </body>
</html>
