2534 4084
229 253 271 317 14
560 255 733 306 CORNELII
751 256 873 308 'I'ACITI

229 455 262 512 et
284 447 391 512 initiis
414 445 541 514 Tiberii
563 448 690 516 auditis
714 449 756 516 ob
779 450 945 516 iustitium
968 459 1027 516 aut
1043 451 1220 536 gaudium

229 551 458 616 intermiserat
488 551 589 618 solita
617 554 742 620 munia.
777 575 815 618 eo
844 553 1011 639 principio
1045 553 1219 621 lascivire

229 652 335 736 miles,
370 652 582 738 discordare,
620 657 761 743 pessimi
799 656 960 743 cuiusque
995 657 1217 724 sermonibus

178 787 204 827 1o
229 755 392 843 praebere
415 779 529 841 aures,
560 758 703 845 denique
730 758 847 826 luxum
878 769 911 826 ct
939 761 1043 826 otium
1072 783 1217 847 cupere,
1261 803 1262 816 .

231 860 446 946 disciplinam
470 871 502 928 ct
526 861 677 929 laborem
700 866 885 949 aspernari.
916 873 989 930 erat
1018 865 1052 930 in
1080 867 1217 930 castris
1261 903 1262 956 3

229 965 434 1031 Percennius
451 965 597 1051 quidam,
615 967 685 1034 dux
700 966 779 1033 olim
790 967 1008 1034 theatralium
1021 989 1218 1054 operarum,

232 1069 310 1134 dein
339 1071 515 1154 gregarius
549 1071 655 1156 miles,
688 1093 816 1158 procax
848 1071 966 1158 lingua
999 1080 1033 1137 et
1065 1073 1217 1138 miscere
1261 1063 1262 1088 ³

231 1183 346 1241 coetus
369 1173 562 1240 histrionali
595 1174 708 1240 studio
733 1175 862 1242 doctus.
890 1176 921 1240 is
949 1177 1110 1262 inperitos
1134 1177 1215 1242 ani·
1261 1225 1262 1284 q

180 1304 204 1344 1⁵
231 1301 303 1344 mos
326 1287 359 1342 et
383 1299 548 1364 quaenam
569 1287 646 1364 post
668 1277 859 1363 Augustum
881 1277 1024 1344 militiae
1051 1277 1214 1345 condicio

232 1381 442 1466 ambigentes
467 1381 628 1468 inpellere
642 1381 807 1468 paulatim
822 1382 996 1448 nocturnis
1020 1380 1214 1468 conloquiis

233 1496 292 1554 aut
313 1487 401 1553 flexo
436 1487 471 1552 in
493 1508 668 1573 vesperam
692 1485 745 1553 die
770 1497 802 1552 et
837 1485 978 1572 dilapsis
1012 1472 1213 1560 melioribus

235 1591 450 1658 deterrimum
472 1612 635 1677 quemque
657 1611 877 1676 congregare.

339 1693 389 1760 17.
411 1695 583 1760 Postremo
599 1696 763 1781 promptis
785 1695 853 1762 iam
875 1704 908 1761 et
931 1695 1009 1762 aliis
1032 1695 1214 1762 seditionis

232 1800 397 1866 ministris
425 1798 518 1864 velut
547 1796 840 1864 contionabundus
869 1797 1119 1882 interrogabat,
1148 1819 1215 1863 cur

232 1902 349 1989 paucis
378 1901 648 1985 centurionibus,
670 1901 886 1988 paucioribus
908 1901 1054 1968 tribunis
1084 1903 1118 1968 in
1139 1923 1213 1966 mo-

235 2007 315 2073 dum
347 2029 520 2074 servorum
554 2004 761 2073 oboedirent.
803 2006 936 2092 quando
976 2027 1116 2072 ausuros
1151 2027 1213 2070 ex·
1261 2063 1262 2080 ,

195 2134 208 2174 s
234 2133 374 2198 poscere
395 2109 555 2193 remedia,
588 2111 655 2176 nisi
677 2132 801 2176 novum
833 2119 867 2176 et
889 2118 1065 2176 nutantem
1098 2106 1213 2174 adhuc

234 2216 420 2302 principem
448 2214 605 2301 precibus
628 2214 684 2281 vel
717 2215 820 2280 armis
850 2212 1009 2280 adirent?
1037 2212 1121 2278 satis
1149 2235 1214 2298 per

235 2329 285 2386 tot
319 2341 426 2385 annos
463 2320 602 2402 ignavia
636 2327 829 2405 peccatum,
863 2316 953 2403 quod
986 2318 1118 2383 tricena
1149 2327 1212 2382 aut

235 2422 455 2511 quadragena
478 2421 648 2507 stipendia
682 2445 779 2488 senes
804 2431 838 2488 ct
870 2420 1021 2507 plerique
1053 2429 1212 2487 truncato

236 2553 279 2594 ex
302 2526 498 2593 vulneribus
513 2547 651 2612 corpore
667 2525 822 2592 tolerent.
845 2549 887 2592 nc
904 2526 1052 2592 dimissis
1076 2522 1212 2610 quidem

183 2655 210 2695 ro
234 2632 335 2698 finem
358 2653 433 2696 assa
453 2629 612 2711 militiae,
643 2628 702 2694 sed
730 2628 821 2715 apud
843 2627 1005 2696 vexillum
1032 2626 1211 2694 tendentes
1261 2631 1262 2702 ζ

236 2734 303 2801 alio
326 2733 490 2800 vocabulo
514 2731 650 2799 eosdem
672 2732 806 2799 labores
829 2733 986 2818 perferre.
1020 2733 1113 2798 acsi
1136 2733 1211 2818 quis
1261 2719 1262 2778 l

235 2850 287 2908 tot
309 2861 410 2905 casua
439 2837 511 2903 vita
541 2839 769 2922 superaverit,
795 2835 886 2902 trahi
916 2835 1026 2902 adhuc
1058 2835 1211 2903 diversas
1261 2873 1262 2884 .

236 2947 271 3011 in
293 2954 420 3025 terras,
442 2939 500 3006 ubi
517 2963 577 3027 per
589 2963 709 3006 nomen
721 2960 879 3024 agrorum
890 2939 1036 3025 uligines
1051 2939 1212 3026 paludum

236 3049 290 3115 vel
313 3047 442 3115 inculta
465 3048 629 3115 montium
651 3046 833 3132 accipiant.
863 3045 1032 3110 enimvero
1055 3042 1211 3110 militiam
1261 3069 1262 3144 q

185 3171 211 3213 1⁵
237 3157 344 3241 ipsam
360 3172 508 3237 gravam,
530 3151 789 3218 infructuosam:
812 3148 907 3216 denis
922 3149 958 3216 in
974 3147 1063 3214 diem
1078 3146 1212 3215 assibus
1261 3149 1262 3224 i

237 3259 386 3324 animam
419 3265 454 3320 et
487 3275 608 3340 corpus
632 3252 822 3319 aestimari:
855 3251 933 3318 hinc
956 3261 1086 3317 vestem
1117 3273 1212 3317 arma
1261 3273 1262 3354 q

237 3360 395 3443 tentoria,
417 3358 496 3425 hinc
512 3357 690 3424 saevitiam
703 3356 938 3422 centurionum
961 3364 994 3421 st
1016 3354 1211 3420 vacationes

237 3485 411 3531 munerum
432 3461 561 3528 redimi.
596 3469 631 3527 at
664 3458 801 3526 hercule
822 3459 964 3526 verbera
998 3467 1032 3525 et
1060 3457 1212 3541 vulnera,
1261 3479 1262 3550 l

239 3567 358 3633 duram
379 3564 538 3650 hiemem,
568 3565 736 3632 exercitas
766 3573 926 3648 aestates,
959 3563 1085 3631 bellum
1114 3572 1212 3630 atrox
1261 3563 1262 3644 ξ
