2530 4084
273 281 501 358 1011011001
520 301 744 355 1101101111.
763 299 838 351 0-1.
980 299 1041 365 163

59 501 169 565 terius
193 499 401 585 principatus
417 496 564 562 'initium
592 494 649 560 1110
671 517 779 560 annus
804 491 929 560 attulit.
974 494 1042 558 iam

60 605 210 688 primum
242 601 378 688 publica
411 601 549 684 negotia
583 609 617 665 et
650 600 858 686 privatorum
893 599 1041 662 maxima
1071 611 1084 651 1

60 706 154 792 apud
177 716 293 793 patres
322 704 575 786 tractabantur,
605 702 815 787 dabaturque
843 699 1041 787 primoribus
1251 781 1252 784 Ἴ

59 809 242 892 disserere,
266 818 298 873 et
321 809 356 873 in
372 807 601 872 adulationem
624 807 737 893 lapsos
752 803 933 870 cohibebat
955 805 1043 889 ipse,
1251 801 1252 872 1

59 911 320 998 mandabatque
341 911 494 993 honores,
517 910 731 975 nobilitatem
746 910 918 990 maiorum,
943 907 1042 974 cleri-

63 1016 220 1081 tudinem
235 1015 387 1098 militiae,
404 1013 561 1078 inlustres
579 1012 668 1079 domi
684 1023 774 1078 artes
792 1012 989 1099 spectando,
1006 1023 1042 1078 ut

60 1122 148 1184 satis
160 1128 337 1185 constaret
349 1141 416 1184 non
429 1117 516 1182 alios
526 1119 672 1204 potiores
685 1117 799 1181 fuisse.
824 1138 884 1180 sua
897 1115 1041 1180 oonsuli—
1070 1132 1094 1170 10

61 1221 136 1306 bus,
151 1246 214 1289 sua
225 1221 437 1309 praetoribus
452 1223 597 1308 speeies,
612 1221 777 1286 minorum
792 1239 921 1307 quoque
937 1219 1042 1302 magi·

61 1335 234 1391 stratuum
249 1327 399 1391 exercita
422 1334 591 1412 potestas,
614 1324 781 1411 legesque,
807 1325 835 1388 si
850 1324 1040 1388 maiestatis

61 1432 217 1515 quaestio
230 1431 442 1513 eximeretur,
458 1429 546 1495 bono
562 1431 596 1494 in
613 1451 685 1494 usu.
702 1438 739 1493 at
754 1429 920 1494 frumenta
938 1436 971 1491 et
987 1447 1042 1512 pe·

61 1536 185 1600 cuniae
196 1533 394 1618 vectigales,
409 1544 523 1599 cetera
534 1532 745 1619 publicorum
757 1533 924 1597 fructuum
937 1532 1041 1596 socie-

62 1637 192 1704 tatibus
216 1639 364 1725 equitum
385 1636 609 1702 Romanorum
632 1635 861 1720 agitabantur.
885 1658 939 1701 res
962 1657 1040 1701 suas
1069 1653 1094 1692 ¹⁵

62 1738 191 1808 Caesar
214 1743 462 1828 spectatissimo
479 1742 608 1826 cuique,
633 1739 834 1826 quibusdam
850 1741 975 1822 ignotis
999 1762 1043 1804 ex

62 1845 152 1911 fama
187 1843 390 1927 mandabat,
429 1843 597 1929 semelque
631 1842 802 1929 adsumpti
835 1842 1042 1908 tenebantur

63 1970 200 2032 prorsus
230 1949 303 2012 sine
330 1947 440 2030 modo,
473 1969 549 2012 cum
582 1945 732 2033 plerique
760 1944 866 2012 isdem
894 1948 1040 2031 negotiis

64 2052 326 2117 insenescerent.
349 2049 464 2135 plebes
496 2051 568 2115 acri
591 2049 726 2136 quidem
755 2071 890 2140 annona
918 2050 1041 2134 fatiga-

64 2152 174 2234 batur,
198 2153 259 2219 sed
281 2152 374 2219 nulla
397 2155 432 2217 in
456 2175 493 2218 eo
517 2153 616 2240 eulpa
640 2176 683 2218 ex
697 2153 865 2239 principe:
889 2155 969 2239 quin
992 2155 1041 2217 in·
1069 2173 1095 2212 a

64 2257 263 2324 fecunditati
286 2269 450 2324 terrarum
473 2268 531 2325 aut
554 2261 683 2344 asperis
706 2259 809 2322 maris
833 2257 968 2323 obviam
991 2257 1040 2338 iit,

64 2372 224 2446 quantum
258 2360 425 2448 impendio
462 2361 705 2448 diligentiaque
738 2372 882 2448 poterat.
928 2372 963 2427 et
997 2384 1039 2426 ne

63 2467 257 2548 provinciae
272 2467 368 2532 nevis
392 2465 549 2532 oneribus
565 2465 783 2532 turbarentur
804 2476 908 2552 utque
923 2473 1041 2531 vetera

64 2569 134 2633 sine
157 2569 305 2633 avaritia
328 2578 388 2633 aut
411 2568 614 2635 erudelitate
636 2570 897 2652 magistratuum
919 2568 1041 2635 tolcra-

64 2681 146 2754 rent,
169 2671 389 2758 providebat:
424 2694 601 2758 corporum
623 2672 784 2754 verbera,
809 2671 1041 2758 ademptiones
1069 2693 1081 2730 1

64 2774 226 2842 bonorum
249 2775 402 2842 aberant.
434 2779 503 2842 rari
532 2800 592 2863 per
613 2776 750 2843 Italiam
774 2775 932 2844 Caesaris
956 2779 1042 2861 agri,

64 2880 215 2945 modesta
239 2881 389 2963 servitia,
413 2881 503 2945 intra
526 2902 653 2967 paucos
677 2881 816 2946 libertos
842 2880 978 2964 domus,
1002 2902 1043 2947 00

66 2981 252 3070 siquando
282 3004 358 3048 cum
379 2985 523 3069 privatis
549 2984 767 3070 disceptaret,
790 2985 898 3050 forum
922 2994 956 3050 et
979 2986 1042 3049 ius.

166 3085 196 3150 7.
228 3085 323 3167 Quae
352 3097 476 3152 cuncta
506 3109 574 3153 non
605 3087 740 3174 quidem
769 3088 856 3152 comi
878 3088 952 3170 via,
982 3087 1042 3152 sed

13 3207 15 3244 ὲ
65 3189 217 3256 horridus
239 3211 279 3254 ac
294 3190 488 3276 plerumque
503 3191 714 3274 formidatus,
730 3189 901 3256 retinebat
918 3201 1041 3274 tamen,

13 3311 15 3348 1
66 3292 168 3360 donec
192 3302 299 3359 morte
322 3293 426 3358 Drusi
450 3304 676 3362 verterentur:
714 3317 793 3360 nam
823 3294 900 3360 dum
928 3316 1039 3380 supere

65 3397 133 3480 fuit,
157 3417 329 3479 mansere,
359 3397 438 3482 quia
462 3394 603 3462 Seianus
634 3398 818 3485 incipiente
847 3397 956 3464 adhue
984 3419 1040 3483 po·

13 3485 15 3550 l
66 3500 167 3566 tentia
198 3497 296 3564 benis
331 3497 482 3565 consiliis
506 3507 682 3566 notescere
705 3500 856 3584 volebat,
887 3511 921 3566 01
951 3499 1082 3566 ulters

13 3588 15 3680 1
66 3599 273 3668 metuebatur
307 3623 374 3668 non
406 3602 557 3670 occultus
583 3602 669 3669 odiis
700 3615 733 3670 et
757 3603 874 3670 crebro
898 3625 1040 3690 querens

924 3741 970 3789 11*
