2534 4084
429 286 654 343 rnoouuuuu
980 292 1046 356 XV

166 481 283 549 Genus
319 481 490 547 scribendi
521 503 585 566 quo
619 503 698 545 usus
730 491 781 546 est
804 481 943 547 Tacitus
979 504 1045 547 om·

62 593 143 656 nino
167 590 339 675 proprium
356 597 407 653 est
423 587 548 654 aetatis
565 584 790 670 argenteae³).
816 585 904 651 idem
919 586 1043 653 multas

60 693 251 760 locutiones
280 714 323 757 ex
345 691 445 756 Livio
470 691 627 776 sumpsit,
656 689 769 775 plures
800 712 843 755 ex
867 687 1041 773 Sallustio,

59 797 227 884 plurimas
251 818 294 860 ex
315 794 462 878 Vergilii
477 793 638 860 Aeneide.
664 790 819 858 Sallustii
842 793 1044 861 brevitatem

60 911 93 964 et
116 898 277 966 variandi
301 897 449 964 studium
471 897 623 964 imitatus
646 895 788 961 multum
811 899 918 980 auxit,
942 899 991 964 ita
1006 909 1044 965 ut

59 1006 94 1068 in
118 1004 173 1068 his
198 1002 299 1067 rebus
321 1000 422 1067 facile
443 1001 629 1087 principem
652 1000 805 1066 obtineat
827 999 948 1066 locum.
984 1002 1043 1068 sed

58 1106 168 1171 nimia
197 1104 348 1170 brevitas
384 1105 518 1189 saepius
553 1102 672 1185 efficit,
706 1112 743 1168 ut
777 1102 939 1170 obscurus
972 1106 1042 1170 fiat.

59 1211 166 1276 tertia
202 1210 391 1294 proprietas
420 1206 553 1273 Tacitei
584 1205 655 1271 stili
684 1215 736 1272 est
763 1208 916 1293 poeticus
951 1207 1043 1274 color

58 1334 161 1398 quem
195 1320 336 1395 vocant,
371 1331 447 1375 cum
479 1317 595 1396 partes
627 1332 784 1376 versuum
825 1309 1042 1398 singulasque

55 1416 248 1482 locutiones
264 1438 285 1480 a
301 1416 409 1501 poetis
425 1422 608 1497 mutuatur,
624 1416 824 1500 praesertim
841 1438 861 1480 a
878 1414 1040 1500 Vergilio,

56 1541 159 1605 quem
182 1541 284 1604 supra
307 1519 499 1584 memoravi.
722 1529 725 1536 '

164 1624 237 1688 Iam
272 1630 379 1688 restat
407 1631 444 1686 ut
478 1623 597 1707 paucis
627 1622 753 1705 dicam,
787 1623 868 1709 quid
899 1626 1041 1690 senserit

55 1726 200 1793 Tacitus
225 1725 266 1791 de
288 1748 325 1791 rc
347 1726 484 1813 publica
507 1726 755 1792 constituenda.
801 1737 852 1792 est
876 1729 981 1811 igitur
1003 1736 1039 1793 ut

55 1831 180 1898 Livius
205 1839 295 1895 totus
326 1829 369 1895 ab
403 1831 613 1916 optimatium
636 1832 791 1916 partibus
813 1831 981 1917 habetque
1004 1832 1039 1896 in

54 1935 158 2017 votis,
174 1941 212 1998 ut
235 1943 347 2000 custos
372 1942 405 1999 et
421 1932 575 1998 columen
590 1932 762 2000 libertatis
778 1937 924 2001 omnium
947 1934 1038 2000 solus

55 2040 99 2103 sit
131 2046 282 2103 senatus.
327 2036 387 2104 sed
418 2060 493 2103 cum
526 2036 706 2121 intellegat
735 2040 804 2104 suis
833 2037 1038 2124 temporibus

54 2139 201 2206 liberam
222 2140 479 2227 rempublicam
502 2164 577 2208 esse
592 2165 659 2208 non
674 2164 784 2229 posse,
807 2141 1037 2209 tantummodo

54 2244 163 2309 bonos
178 2246 348 2330 principes
372 2254 476 2333 optat,
500 2246 620 2331 quibus
644 2247 887 2333 imperantibus
912 2246 1038 2311 sentire

56 2346 254 2432 quaerelis
284 2355 316 2412 et
347 2369 432 2434 quae
456 2350 583 2414 sentias
609 2348 721 2415 dicere
745 2350 836 2416 licet.
882 2349 971 2414 idem
994 2370 1037 2413 cx

57 2449 205 2515 diversis
239 2449 513 2538 philosophorum
545 2454 734 2539 praeceptis
769 2453 874 2538 eligit,
903 2462 940 2518 ut
968 2451 1036 2538 ple·

56 2573 197 2638 rumque
234 2553 391 2637 Romani,
425 2575 512 2641 quae
551 2557 683 2641 potiora
717 2567 848 2641 censet,
885 2566 1035 2622 attamen

54 2658 165 2741 magis
191 2655 379 2724 Stoicorum
403 2661 606 2726 sententiam
629 2663 795 2746 sequitur,
820 2663 877 2746 qui
900 2661 1035 2748 quidem

54 2761 164 2826 fatum
187 2782 261 2825 esse
277 2761 428 2846 credunt,
452 2763 514 2828 sed
534 2763 640 2830 nihilo
656 2766 765 2832 minus
782 2763 911 2850 aliquid
934 2764 1034 2831 liber·

55 2864 120 2929 tati
143 2862 314 2930 hominum
337 2866 538 2933 concedunt.

163 3052 183 3117 ²)
202 3055 279 3104 Haec
296 3055 415 3120 pertinet
426 3055 461 3106 ab
480 3072 593 3108 excessu
612 3056 668 3110 divi
681 3058 795 3124 Augusti
812 3073 898 3124 usque
916 3057 952 3108 ad
965 3073 1035 3110 mor·

54 3145 108 3190 tom
127 3140 299 3205 imperatoris
317 3141 404 3190 Marci
421 3141 525 3194 Aurelii
548 3143 567 3194 i.
586 3160 609 3194 e.
637 3143 670 3194 ab
698 3159 769 3195 anno
788 3144 859 3196 XIV.
887 3160 973 3212 usque
1000 3143 1035 3196 ad

53 3242 157 3277 annum
178 3225 307 3281 CLXXX.

444 3437 544 3448 u--o--nn
556 3441 646 3449 ---.-.⁴
