2552 4084
266 282 312 331 11
331 280 495 332 11111111
514 279 712 332 1110111111.
734 278 844 330 cc-vo.
1001 277 1042 340 49

60 473 340 560 imperatoribus,
374 472 432 538 ubi
468 473 593 538 femina
628 471 815 558 manipulos
852 471 1041 551 intervisat,

60 579 163 660 signa
187 577 301 659 adeat,
326 576 542 661 largitionem
557 585 709 662 temptet,
732 583 904 662 tamquam
926 595 1045 659 parum

61 682 244 747 ambitiose
266 681 370 746 filium
395 680 488 746 ducis
521 680 653 766 gregali
681 679 800 744 habitu
831 677 1044 744 circumferat
1072 689 1097 728 1⁵

60 783 314 872 Caesaremque
343 783 536 870 Caligulam
565 783 729 870 appellari
759 782 851 847 velit.
882 783 1045 867 potiorem

60 891 131 955 iam
168 889 259 975 apud
293 891 462 956 exereitus
497 887 720 974 Agrippinam
761 908 861 973 quam
899 885 1043 970 legatos,

61 1015 169 1079 quam
186 993 304 1076 duces3
328 1014 544 1079 conpressam
559 1014 580 1056 a
595 990 735 1056 muliere
757 989 966 1072 seditionem,
991 991 1045 1055 cui

60 1119 188 1162 nomen
212 1098 373 1182 principis
390 1095 554 1161 obsistere
569 1117 636 1159 non
653 1095 808 1181 quiverit.
834 1093 1044 1158 accendebat

60 1199 149 1265 haec
175 1199 404 1286 onerabatque
435 1198 587 1282 Seianus,
614 1199 737 1284 peritia
766 1219 893 1262 morum
916 1197 1043 1261 Tiberii
1073 1206 1099 1245 2⁰

64 1303 144 1368 odia
168 1305 204 1368 in
227 1303 364 1387 longum
386 1304 525 1387 iaciens,
549 1324 634 1388 quae
657 1300 856 1366 reconderet
880 1310 1045 1386 auctaque

62 1414 245 1491 promeret.
406 1392 408 1398 ¹

170 1508 222 1572 70.
246 1509 291 1574 At
323 1507 543 1574 Germanicus
573 1509 759 1593 legionum,
789 1530 872 1594 quas
900 1508 1044 1572 navibus

62 1623 224 1695 vexerat,
256 1612 438 1678 secundam
475 1622 507 1678 et
536 1622 692 1699 quartam
723 1612 897 1678 decumam
926 1613 1045 1677 itinere

64 1718 223 1782 terrestri
251 1717 286 1781 P.
315 1716 454 1782 Vitellio
493 1716 664 1782 ducendas
694 1715 816 1798 tradit,
847 1738 911 1803 quo
940 1715 1046 1781 levior

63 1820 187 1886 classis
211 1819 339 1884 vadoso
362 1821 448 1884 mari
479 1821 612 1885 innaret
636 1819 690 1884 vel
713 1821 885 1905 reciproco
910 1819 1044 1885 sideret.

61 1923 224 1988 Vitellius
248 1925 390 2008 primum
412 1925 477 1989 iter
500 1925 593 1989 sicca
616 1923 713 1988 humo
745 1933 802 1989 aut
831 1922 963 1988 modice
987 1924 1045 1989 ad·
1073 1946 1085 1986 s

62 2026 204 2092 labente
228 2035 325 2091 aestu
347 2028 496 2113 quietum
517 2025 653 2091 habuit:
681 2049 761 2092 mox
789 2025 925 2112 inpulsu
953 2029 1045 2113 aqui-

62 2129 163 2212 lonis,
187 2128 286 2193 simul
310 2129 419 2194 sidere
442 2131 658 2216 aequinoctii,
682 2152 746 2216 quo
770 2131 918 2195 maxime
941 2139 1045 2196 tume-

63 2235 130 2299 scit
155 2231 323 2316 Oceanus,
355 2235 429 2319 rapi
453 2235 574 2320 agique
603 2254 735 2318 agmen.
765 2243 797 2298 et
827 2233 1049 2320 opplebantur

60 2347 194 2401 terrae:
224 2335 341 2400 eadem
370 2335 457 2400 freto
491 2335 584 2400 litori
619 2337 746 2422 campis
786 2336 910 2420 facies,
939 2359 1046 2425 neque

64 2440 215 2505 discerni
237 2448 392 2524 poterant
415 2441 547 2505 incerta
571 2439 614 2505 ab
638 2440 765 2523 solidis,
788 2439 907 2505 brevia
930 2465 950 2505 a
972 2464 1046 2527 pro·
1075 2462 1100 2501 ιο

63 2544 191 2610 fundis.
215 2553 411 2609 sternuntur
432 2543 600 2627 fluctibus,
625 2543 825 2608 hauriuntur
841 2543 1047 2628 gurgitibus3

66 2651 236 2730 iumenta,
267 2649 438 2731 sarcinae,
477 2670 618 2734 corpora
655 2649 812 2712 exanima
842 2648 1047 2731 interfluunt,

66 2760 257 2818 occursant.
292 2753 536 2837 permiscentur
565 2753 653 2816 inter
683 2773 718 2815 se
745 2751 917 2837 manipuli,
947 2752 1046 2817 modo

64 2864 212 2942 pectore,
236 2854 335 2919 modo
360 2876 417 2919 ore
438 2864 536 2919 tenus
561 2863 746 2936 exstantes,
772 2853 954 2940 aliquando
971 2856 1047 2922 sub-

63 2968 177 3024 tracto
203 2958 273 3023 solo
298 2958 432 3023 disiecti
455 2968 513 3023 aut
538 2957 661 3024 obruti.
689 2979 756 3023 non
779 2981 848 3023 vox
878 2968 909 3023 01
940 2961 1047 3024 mutui
1075 2975 1101 3016 1⁵

63 3063 221 3127 hortatus
259 3060 423 3127 iuvabant
460 3061 666 3126 adversante
703 3061 812 3144 unda3
847 3062 932 3127 nihil
965 3073 1047 3129 stre-

64 3188 153 3231 nuus
170 3165 215 3230 ab
238 3166 374 3249 ignavo,
399 3166 535 3250 sapiens
560 3165 603 3230 ab
627 3164 833 3250 inprudenti,
857 3167 1001 3232 consilia
1026 3189 1046 3230 a

65 3291 148 3335 casu
171 3267 321 3333 differre:
344 3277 468 3333 cuncta
490 3270 565 3354 pari
588 3268 752 3333 violentia
775 3267 1046 3335 involvebantur.

65 3371 206 3438 tandem
227 3370 387 3438 Vitellius
409 3372 445 3436 in
480 3371 624 3437 editiora
648 3373 762 3437 enisus
786 3371 904 3436 eodem
927 3392 1047 3456 agmen

68 3475 241 3542 subduxit.
265 3484 508 3563 pernoctavere
533 3477 606 3541 sine
627 3474 843 3556 utensilibus,
867 3477 940 3541 sine
963 3477 1045 3560 igni,
1073 3499 1099 3540 1ο

68 3600 194 3664 magna
227 3601 306 3667 pars
346 3578 437 3644 nudo
473 3589 530 3645 aut
573 3577 721 3644 mulcato
760 3601 917 3666 corpore,
954 3578 1048 3645 haud

119 3729 238 3776 nucleos
259 3729 278 3774 1.
980 3715 998 3764 4
