2530 4084
210 303 271 368 154
533 301 711 352 connnnu
729 301 855 352 111111

208 495 243 558 in
266 495 372 580 ipsos,
405 490 525 556 melius
554 492 590 554 in
614 491 742 573 socios,
776 489 953 576 provideri
975 512 1019 555 ne
1042 512 1205 576 peecare-

208 597 284 662 tur‘?
307 595 487 661 adversum
511 617 598 680 quae
622 594 784 660 disseruit
800 591 949 659 Caesar:
971 615 1041 658 non
1066 593 1207 680 quidem

210 699 275 765 sibi
299 701 421 782 ignara
445 721 530 784 quae
555 699 598 763 de
622 696 740 762 Silano
765 696 1018 781 vulgabantur,
1050 697 1118 762 sed
1142 719 1208 761 non

211 826 253 866 ex
276 822 407 866 rumore
432 801 659 866 statuendum.
697 800 821 865 multos
850 801 887 864 in
909 802 1105 886 provinciis
1131 822 1207 864 oon·

159 928 185 966 11
210 916 281 989 tre,
315 927 416 991 quam
440 927 515 990 spes
539 915 598 970 aut
620 915 730 969 metus
756 904 797 969 de
821 902 891 968 illis
915 903 1036 985 fuerit,
1076 905 1207 988 egisse:

212 1010 355 1075 excitari
379 1008 543 1094 quosdam
572 1008 617 1072 ad
639 1008 780 1073 meliora
809 1007 1052 1091 magnitudine
1083 1030 1207 1090 rerum,

211 1112 392 1178 hebescere
415 1111 511 1177 alios.
534 1132 644 1196 neque
667 1133 768 1196 posse
791 1112 981 1196 prinoipem
1005 1136 1070 1178 sua
1096 1117 1207 1180 scien·

212 1217 261 1280 tia
286 1226 409 1280 cuncta
432 1213 621 1300 complecti,
645 1237 756 1300 neque
772 1213 935 1300 expedire
958 1225 997 1280 ut
1013 1218 1207 1283 ambitione

214 1319 326 1385 aliena
350 1318 515 1384 trahatur.
540 1318 616 1382 ideo
639 1317 734 1402 leges
757 1319 794 1382 in
810 1318 905 1384 facta
921 1321 1100 1403 constitui,
1129 1322 1207 1406 quia

164 1448 186 1485 11
213 1425 326 1488 futura
350 1424 385 1486 in
404 1423 532 1487 incerto
557 1423 636 1486 sint.
665 1423 714 1487 sie
739 1445 761 1486 a
784 1421 970 1487 maioribus
994 1424 1205 1506 institutum,

215 1536 268 1603 ut,
300 1528 329 1591 si
352 1527 519 1590 antissent
555 1524 691 1607 delicte,
714 1547 845 1610 poenae
876 1537 1115 1610 sequerentur.
1167 1549 1207 1590 ne

215 1641 385 1696 verterent
425 1631 596 1715 sapienter
635 1639 771 1715 reperta
813 1639 847 1694 et
882 1651 1016 1715 semper
1055 1631 1205 1716 placita:

217 1736 301 1800 satis
331 1756 468 1798 onerum
501 1732 731 1818 principibus,
766 1733 851 1797 satis
882 1733 987 1797 etiam
1016 1737 1205 1820 potentiae.

216 1841 320 1906 minui
344 1841 428 1920 iura,
451 1838 605 1923 quotiens
622 1835 748 1920 gliscat
764 1845 928 1922 potestas,
952 1859 1017 1901 nec
1041 1839 1205 1904 utendum

166 1970 191 2010 ao
217 1945 366 2029 imperi0‚
389 1941 447 2006 ubi
470 1941 602 2025 legibus
628 1942 685 2024 agi
700 1941 819 2026 possit.
843 1949 970 2026 quanto
987 1943 1103 2007 rarior
1118 1939 1207 2030 apud

218 2047 390 2112 Tiberium
412 2043 634 2130 popularitas,
658 2053 754 2108 tanto
778 2042 980 2108 laetioribus
997 2046 1125 2110 animis
1151 2067 1203 2108 ae·

219 2157 328 2235 cepta.
374 2157 475 2233 atque
504 2145 561 2210 illo
589 2145 737 2231 prudens
766 2145 984 2230 moderandi,
1015 2149 1045 2213 11
1069 2149 1206 2236 propria

221 2257 272 2319 ira
294 2274 361 2316 non
385 2249 621 2336 inpelleretur,
650 2248 784 2313 addidit
808 2248 954 2314 insulam
978 2248 1138 2336 Gyarum
1161 2254 1205 2316 in·

220 2360 334 2424 mitem
356 2366 390 2420 et
413 2356 485 2419 sine
508 2353 601 2418 cultu
623 2354 795 2418 hominum
818 2374 907 2417 esse:
939 2353 1062 2420 darent
1088 2357 1206 2422 Iuniae

170 2492 194 2530 rs
222 2460 372 2528 familiae
407 2468 439 2523 et
473 2459 547 2523 viro
587 2456 757 2543 quondam
796 2455 926 2522 ordinis
961 2458 1139 2544 eiusdem,
1173 2469 1205 2523 ut
1258 2519 1259 2536 ,

222 2564 391 2651 Cythnum
418 2563 528 2647 potius
565 2559 779 2625 concederet.
824 2559 861 2624 id
893 2582 1044 2627 sororem
1074 2585 1206 2651 quoque
1258 2609 1259 2617 1

224 2669 333 2736 Silani
355 2666 571 2751 Torquatam,
594 2664 730 2750 priscae
754 2664 1001 2730 sanctimoniae
1023 2668 1203 2752 virginem,

223 2783 391 2860 expetere.
415 2771 451 2835 in
472 2770 560 2834 hene
585 2769 787 2834 sententiam
809 2768 902 2832 facta
927 2767 1105 2835 discessio.

326 2872 376 2938 70.
410 2873 492 2938 Post
532 2871 641 2936 auditi
676 2868 904 2955 Cyrenenses,
945 2881 979 2935 et
1019 2885 1206 2941 accusante

224 2978 394 3047 Anchario
432 2975 549 3040 Prisco
587 2971 728 3038 Caesius
767 2970 898 3039 Cordus
942 2978 1205 3062 repetundarum

225 3085 412 3150 damnatur.
436 3078 477 3143 L.
491 3077 639 3142 Ennium
662 3078 808 3161 equitem
822 3075 1018 3162 Romanum,
1043 3084 1203 3148 maiesta-

225 3190 268 3255 tis
292 3183 509 3274 postulatum,
533 3181 623 3268 qnod
646 3181 792 3263 effigiem
814 3182 977 3268 principis
1001 3187 1205 3268 promiscum

187 3327 199 3364 1
227 3292 272 3357 ad
294 3311 391 3356 usum
407 3288 540 3370 argenti
555 3286 725 3367 vertisset,
748 3285 853 3370 recipi
869 3283 998 3351 Caesar
1020 3287 1113 3352 inter
1131 3312 1202 3355 reos

226 3398 345 3475 vetuit,
368 3390 481 3478 palem
504 3397 706 3475 aspernante
722 3387 821 3452 Ateio
838 3385 1003 3474 Capitone
1027 3394 1128 3476 quasi
1147 3415 1203 3480 per

228 3497 430 3562 libertatem.
475 3513 543 3555 non
571 3492 660 3556 enim
688 3488 810 3554 debere
840 3493 925 3577 eripi
953 3491 1109 3578 patribus
1138 3498 1203 3562 vim

231 3594 400 3660 statuendi
421 3613 528 3675 neque
551 3601 682 3656 tantum
696 3589 898 3657 maleficium
921 3595 1055 3678 impune
1079 3595 1202 3664 haben·
1257 3675 1258 3690 ¹
