2534 4084
194 247 261 312 xx
495 225 703 296 unianimo
722 244 867 296 ommes

193 435 448 519 Bezzenberger
470 442 549 521 apte
574 433 706 500 addidit
728 435 839 520 sualua,
863 434 953 521 quod
967 431 1175 500 vocabulum

193 539 352 607 librarius
376 540 430 605 hic
460 538 560 605 facile
584 540 736 604 omittere
758 540 878 624 potuit.
911 574 953 585 -
987 559 1061 624 cap.
1089 534 1175 618 38‚3

194 653 274 710 ante
296 642 481 724 repetundis
494 642 689 728 Nipperdey
711 643 993 728 praepositionem
1009 640 1058 722 de,
1083 661 1174 726 quae

193 747 256 812 hoc
279 746 353 812 loco
379 746 497 813 deesse
512 747 637 831 nequit,
660 744 797 810 adiecit.
820 782 862 792 -
878 767 951 832 cap.
975 741 1078 828 4212
1093 763 1175 807 eum

194 850 311 916 eodem
333 849 538 937 Nipperdeio
577 870 695 914 vocem
723 846 826 912 auum
858 849 1052 934 transposui
1090 855 1174 910 ante

193 952 439 1018 multitudinem.
471 953 562 1019 haud
593 953 661 1018 scio
686 975 730 1018 an
752 962 844 1020 recte
868 950 1047 1018 Gitlbauer
1069 948 1174 1016 mole·
1259 945 1260 956 ’

195 1067 282 1124 stum
310 1057 512 1123 vocabulum
545 1079 681 1144 prorsus
716 1056 890 1123 deleverit.
920 1092 962 1104 -
992 1077 1066 1142 cap.
1088 1051 1175 1135 43,4

193 1161 302 1248 Lipsii
325 1162 563 1226 auctoritatem
580 1171 714 1226 secutus
730 1159 886 1226 voculam
908 1163 938 1223 et
952 1158 1078 1225 inserui
1093 1167 1175 1244 post
1260 1177 1261 1200 ¹

194 1268 399 1344 occupaverat
427 1287 534 1350 neque
556 1263 647 1329 ultra
675 1263 838 1329 traditam
871 1264 1072 1350 scripturam
1100 1283 1174 1327 mu·

194 1369 283 1433 tavi.¹
299 1403 339 1414 -
364 1390 436 1454 cap.
460 1366 561 1451 46‚13
585 1390 628 1432 ex
649 1368 770 1434 Ritteri
793 1369 987 1432 coniectura
1010 1374 1087 1452 post
1109 1363 1174 1426 cir·
1261 1421 1262 1452 ¹

194 1469 351 1551 eumfudil
374 1472 542 1537 obiectum
564 1475 653 1552 terpu
676 1469 804 1537 addidi.
827 1505 869 1517 -
898 1491 970 1556 cap.
994 1467 1079 1552 47,2
1107 1467 1173 1532 Be·
1261 1473 1262 1484 ‘

194 1574 303 1641 roaldi
328 1585 360 1640 et
383 1575 507 1640 Rittcri
530 1576 773 1640 correctionem
795 1573 921 1636 seuutui
942 1595 1002 1660 pro
1025 1571 1174 1638 lectione

194 1678 321 1745 codicis
346 1681 477 1743 seualus
498 1679 620 1764 recepi.
645 1711 687 1723 -
710 1675 791 1742 ibid.
815 1701 846 1742 v.
871 1674 890 1739 'l
913 1676 1072 1743 lacunam
1100 1697 1172 1740 ma·

193 1783 368 1867 nifastem,
403 1803 488 1868 quae
517 1790 568 1846 est
596 1783 685 1846 inter
713 1779 818 1846 verba
848 1778 949 1843 turbet
980 1788 1012 1845 et
1043 1777 1172 1861 emissa,

197 1884 360 1950 Muellero
383 1894 521 1951 auctore
550 1883 683 1970 explevi
712 1885 839 1949 inserto
869 1884 1035 1948 infinitivo
1065 1899 1172 1946 oecur-

193 2007 261 2052 rere
283 1987 337 2054 vel
361 2004 534 2052 occursare.
559 2024 601 2034 -
623 1991 708 2078 {cap
737 1985 838 2071 54,32
864 2009 924 2075 pro
955 1987 1081 2054 tradito
1114 1988 1174 2048 aut

194 2091 340 2158 fortasse
357 2090 570 2157 scribendum
593 2102 645 2157 est
660 2093 704 2154 al.
728 2128 770 2138 —
786 2112 860 2178 cap.
883 2089 984 2174 tatu
1008 2089 1173 2157 traditum

195 2194 310 2258 bellum
331 2194 480 2261 Piohena
510 2217 569 2260 suo
593 2197 664 2261 iure
694 2196 729 2260 in
751 2192 920 2258 bellacum
948 2195 1106 2260 correxit.
1129 2228 1174 2238 —

195 2319 269 2384 cap.
293 2295 395 2383 6216
417 2309 493 2384 post
511 2315 669 2379 passuum
692 2298 889 2365 adverbium
917 2297 1053 2382 circum,
1081 2294 1173 2383 quod

194 2402 249 2467 hic
272 2401 374 2468 valde
399 2401 580 2487 desideres,
605 2401 774 2467 excidisse
796 2401 940 2467 videtur.
987 2423 1030 2466 an
1060 2401 1172 2489 potius

189 2524 348 2587 passuum
380 2507 415 2570 in
450 2505 570 2570 circum
596 2505 795 2571 mutandum
825 2505 898 2571 est?
928 2505 970 2570 cf.
999 2505 1059 2589 IV,
1086 2501 1173 2588 49‚6

195 2611 346 2689 quattuor
367 2607 462 2672 milia
478 2613 640 2689 passuum
656 2608 777 2672 ambitu
808 2610 977 2689 ampleaus
992 2611 1046 2672 esi.

298 2712 356 2794 IV,
380 2711 437 2796 3,3
460 2734 536 2777 cum
551 2713 753 2800 Nipperdeio
776 2711 933 2779 voculam
954 2716 983 2776 el
997 2722 1077 2778 ante
1095 2709 1174 2792 qula

196 2817 356 2901 expunxi.
384 2849 427 2866 -
460 2837 535 2903 cap.
564 2816 621 2902 7‚6
656 2840 794 2883 causam
826 2839 893 2883 non
922 2815 1038 2900 video,
1068 2836 1174 2900 quare

195 2916 296 2984 lectio
319 2918 448 2985 codicis
471 2918 554 2983 ediis
576 2922 606 2983 el
620 2922 824 3006 corrigenda
847 2924 890 2988 sit
914 2923 948 2986 in
971 2918 1037 2983 ulii
1058 2921 1113 2981 sel.
1132 2955 1171 2964 —

196 3043 270 3107 cap.
295 3019 373 3106 11‚8
395 3030 471 3107 post
489 3021 617 3085 uuieum
640 3034 779 3110 propter
794 3027 984 3112 oppositum
1007 3025 1174 3086 eelruueos

196 3123 398 3191 vocabulum
419 3125 525 3208 filium
541 3126 735 3193 addendum
751 3150 881 3194 censeo.
904 3163 947 3174 --
969 3149 1043 3214 cap.
1069 3125 1118 3209 12,
1132 3122 1173 3187 17

195 3227 359 3293 traditum
387 3231 481 3309 eique
509 3252 551 3294 ex
579 3232 773 3296 coniectura
795 3231 962 3315 Madvigii
994 3232 1028 3296 in
1053 3228 1173 3310 alitque

196 3334 335 3396 mutavi.
360 3365 401 3378 ·-
425 3354 499 3418 cap,
523 3331 602 3417 26,8
625 3334 753 3401 Haasio
782 3346 920 3402 auctore
950 3338 986 3397 ui
1013 3356 1073 3421 pro
1102 3343 1171 3399 tra-

198 3434 268 3500 dito
292 3437 320 3497 et
343 3436 472 3522 scripsi.
495 3469 529 3482 -
568 3459 641 3524 cap.
664 3436 765 3521 3213
793 3442 861 3502 erut
886 3448 964 3526 post
991 3437 1175 3502 incuriosus

199 3537 376 3604 delendum
391 3539 536 3606 videtur.
563 3575 599 3588 -
624 3565 697 3629 cap.
721 3541 773 3628 33,
783 3540 824 3606 10
838 3541 1003 3627 Madvigii
1028 3544 1173 3608 arrctori·
