2500 4084
252 292 297 342 AB
316 289 478 343 Excusso
496 289 657 342 AUGUSTI
674 290 720 341 IV.
741 291 851 342 22-25.
979 289 1040 354 175

113 557 116 563 .
160 480 217 548 24.
240 482 349 567 Igitur
383 481 584 547 Tacfarinas
622 480 771 566 disperso
805 501 936 546 rumore
970 503 1040 548 rem

45 586 247 654 Romanam
285 584 361 651 aliis
407 605 537 670 quoque
581 583 623 650 ab
661 582 856 649 nationibus
893 582 1040 650 lacerari

50 711 168 777 ecque
192 688 359 776 paulatim
374 688 491 754 Africa
516 687 690 770 decedere,
716 709 755 754 ac
771 710 871 774 posse
893 687 1038 774 reliquos

48 794 316 875 circumveniri,
352 793 380 856 si
411 793 540 875 cuncti,
581 790 702 878 quibus
731 790 872 857 libertas
903 793 1040 864 servitio

46 899 181 980 potior,
204 895 446 978 incubuissent,
470 905 571 978 auget
594 895 684 959 vires
706 895 891 981 positisque
915 899 1039 963 castris
1068 912 1080 951 ⁵

48 999 279 1066 Thubuscum
314 998 472 1086 oppidum
514 997 742 1066 circumsidet.
788 1009 824 1063 at
857 999 1041 1065 Dolabella

48 1113 237 1170 contracto
262 1101 351 1189 quod
374 1110 448 1167 erat
470 1100 630 1185 militum,
654 1110 782 1167 terrore
804 1104 949 1168 nominis
975 1105 1040 1170 Ro-

49 1209 151 1272 mani
183 1216 217 1272 et
245 1208 325 1293 quia
354 1204 521 1271 Numidae
550 1204 701 1290 peditum
730 1207 838 1270 aciem
866 1206 953 1271 ferre
983 1230 1040 1272 ne-

51 1320 206 1396 queunt,
239 1312 346 1397 primo
377 1311 428 1375 sui
458 1311 594 1374 incessu
624 1309 724 1374 solvit
760 1308 927 1374 obsidium
951 1310 1036 1376 loco-

51 1437 199 1502 rumque
238 1423 424 1500 cpportuna
467 1415 688 1500 permunivit3
732 1412 830 1478 simul
869 1415 1038 1500 principes
1068 1437 1092 1476 ιο

51 1517 336 1585 Musulamiorum
361 1518 584 1584 defectionem
612 1527 810 1604 coeptantes
835 1507 945 1584 securi
968 1543 1040 1605 per·

54 1626 156 1689 cutit.
180 1623 273 1704 dein,
298 1623 377 1708 quia
398 1621 551 1708 pluribus
582 1621 764 1687 adversum
786 1623 1040 1690 Tacfarinatem

55 1724 333 1812 expeditionibus
358 1727 548 1808 cognitum,
582 1747 650 1790 non
679 1727 777 1809 gravi
807 1747 869 1790 nee
901 1749 967 1791 uno
991 1727 1040 1792 in-

56 1852 162 1896 cursu
191 1828 457 1896 consectandum
485 1829 616 1894 hostem
645 1849 787 1912 vagum,
822 1831 934 1895 excito
965 1853 1040 1897 cum

54 1932 279 2020 popularibus
294 1954 375 2017 rege
390 1931 584 1998 Ptolemaeo
601 1941 761 2018 quattuor
777 1934 913 2016 agmina
928 1943 1039 2020 parat,
1067 1951 1093 1990 1⁵

57 2058 147 2122 quae
181 2035 305 2121 legatis
337 2045 395 2102 aut
425 2035 570 2101 tribunis
602 2035 700 2120 data,
736 2045 768 2102 et
801 2036 1039 2121 praedatorias

56 2161 178 2206 manus
212 2138 336 2205 delecti
358 2139 553 2206 Maurorum
584 2139 729 2205 duxere:
774 2141 846 2224 ipse
869 2140 1041 2206 consultor

58 2245 180 2310 aderat
204 2242 367 2309 omnibus.
836 2329 837 2332 Ἴ

163 2346 215 2413 25.
238 2347 308 2413 Nec
339 2347 443 2412 multo
472 2357 549 2434 post
581 2348 733 2414 adfertur
754 2347 919 2414 Numidas
950 2348 1040 2434 apud

58 2450 239 2524 castellum
261 2451 466 2535 semirutum,
489 2451 533 2517 ab
557 2452 639 2537 ipsis
663 2451 834 2538 quondam
856 2453 1039 2534 incensum,

58 2557 113 2621 cui
148 2575 268 2618 nomen
290 2551 423 2637 Auzea,
456 2553 577 2639 positis
612 2553 801 2641 mapalibus
835 2553 1039 2638 consedisse,

58 2660 139 2723 fisos
161 2656 246 2740 loco,
271 2657 348 2742 quia
364 2659 472 2722 vastis
496 2658 623 2723 circum
638 2657 782 2723 saltibus
806 2656 1039 2724 claudebatur.

58 2771 130 2826 tum
154 2759 333 2847 expeditae
357 2759 512 2826 cohortes
536 2759 696 2847 alaeque,
726 2783 827 2847 quam
849 2763 884 2825 in
906 2772 1039 2847 partem
1066 2790 1079 2828 s

60 2865 263 2931 ducerentur
285 2864 438 2947 ignarae,
462 2864 530 2928 cito
554 2865 689 2948 agmine
712 2865 900 2950 rapiuntur.
925 2864 1038 2930 simul·

61 2990 125 3055 que
155 2976 291 3053 coeptus
324 2964 395 3030 dies
431 2977 464 3032 et
498 2976 666 3033 concentu
694 2967 851 3033 tubarum
880 2989 920 3032 ac
950 2970 1040 3034 truci

59 3071 205 3137 elamore
228 3071 372 3136 aderant
395 3072 613 3137 semisomnos
643 3073 677 3137 in
701 3071 878 3155 barbaros,
900 3093 1038 3158 praepe-

4 3167 5 3257 f
61 3174 140 3240 ditis
163 3173 385 3239 Numidarum
409 3177 502 3260 equis
531 3184 590 3240 aut
613 3174 765 3240 diversos
787 3185 904 3261 pastus
927 3196 1037 3260 perer·

4 3299 5 3368 j
61 3277 223 3344 rantibus.
252 3277 296 3344 ab
322 3278 482 3344 Romanis
510 3279 679 3344 confertus
706 3279 826 3366 pedes,
855 3279 1038 3364 dispositae
1066 3306 1091 3344 ιο

62 3392 207 3464 turmae,
237 3390 360 3447 cuncta
390 3382 517 3467 proelio
547 3383 698 3470 provisa:
735 3381 888 3449 hostibus
919 3392 1038 3448 contra

64 3488 205 3553 omnium
219 3487 343 3552 nesciis
359 3507 427 3551 non
443 3509 547 3571 arma,
563 3509 630 3552 non
647 3486 738 3571 ordo,
760 3508 827 3552 non
850 3486 1038 3570 consilium,

4 3587 6 3610 ¹
66 3589 118 3654 sed
133 3609 291 3675 pecorum
306 3589 405 3655 modo
417 3585 517 3676 trahi,
534 3589 653 3674 occidi,
671 3592 757 3676 capi.
774 3590 924 3656 infensus
940 3588 1036 3656 miles
