<?xml version="1.0" encoding="UTF-8"?>
<!DOCTYPE html PUBLIC "-//W3C//DTD XHTML 1.0 Transitional//EN"
    "http://www.w3.org/TR/xhtml1/DTD/xhtml1-transitional.dtd">
<html xmlns="http://www.w3.org/1999/xhtml" xml:lang="en" lang="en">
 <head>
  <title>
</title>
<meta http-equiv="Content-Type" content="text/html;charset=utf-8" />
  <meta name='ocr-system' content='tesseract 3.04.00' />
  <meta name='ocr-capabilities' content='ocr_page ocr_carea ocr_par ocr_line ocrx_word'/>
</head>
<body>
  <div class='ocr_page' id='page_1' title='image "./corneliitacitia03tacigoog_0289.png"; bbox 0 0 2500 4084; ppageno 0'>
   <div class='ocr_carea' id='block_1_1' title="bbox 212 308 940 378">
    <p class='ocr_par' dir='ltr' id='par_1_1' title="bbox 212 308 940 378">
     <span class='ocr_line' id='line_1_1' title="bbox 212 308 940 378; baseline -0.032 0"><span class='ocrx_word' id='word_1_1' title='bbox 212 311 275 378; x_wconf 81' lang='lat'>246</span> <span class='ocrx_word' id='word_1_2' title='bbox 536 310 709 362; x_wconf 77' lang='lat' dir='ltr'>consumi</span> <span class='ocrx_word' id='word_1_3' title='bbox 728 308 851 360; x_wconf 77' lang='lat' dir='ltr'>mmm</span> <span class='ocrx_word' id='word_1_4' title='bbox 938 365 940 370; x_wconf 22' lang='lat'><strong><em>¹</em></strong></span> 
     </span>
    </p>
   </div>
   <div class='ocr_carea' id='block_1_2' title="bbox 144 501 1202 3690">
    <p class='ocr_par' dir='ltr' id='par_1_2' title="bbox 211 501 1184 586">
     <span class='ocr_line' id='line_1_2' title="bbox 211 501 1184 586; baseline 0.001 -18"><span class='ocrx_word' id='word_1_5' title='bbox 211 502 422 568; x_wconf 80' lang='lat' dir='ltr'><strong>Artabanum</strong></span> <span class='ocrx_word' id='word_1_6' title='bbox 445 502 641 585; x_wconf 85' lang='lat' dir='ltr'>fundebant,</span> <span class='ocrx_word' id='word_1_7' title='bbox 664 511 819 568; x_wconf 87' lang='lat' dir='ltr'>materna</span> <span class='ocrx_word' id='word_1_8' title='bbox 842 503 971 585; x_wconf 80' lang='lat' dir='ltr'>origine</span> <span class='ocrx_word' id='word_1_9' title='bbox 986 501 1184 586; x_wconf 79' lang='lat' dir='ltr'><strong>Arsaciden,</strong></span> 
     </span>
    </p>

    <p class='ocr_par' dir='ltr' id='par_1_3' title="bbox 159 603 1190 1109">
     <span class='ocr_line' id='line_1_3' title="bbox 159 603 1185 694; baseline 0.007 -28"><span class='ocrx_word' id='word_1_10' title='bbox 159 628 184 671; x_wconf 86' lang='lat'>15</span> <span class='ocrx_word' id='word_1_11' title='bbox 211 617 325 672; x_wconf 88' lang='lat' dir='ltr'>cetera</span> <span class='ocrx_word' id='word_1_12' title='bbox 349 607 557 690; x_wconf 78' lang='lat' dir='ltr'>degenerem.</span> <span class='ocrx_word' id='word_1_13' title='bbox 586 605 758 672; x_wconf 78' lang='lat' dir='ltr'>Tiridates</span> <span class='ocrx_word' id='word_1_14' title='bbox 782 628 852 670; x_wconf 91' lang='lat' dir='ltr'>rem</span> <span class='ocrx_word' id='word_1_15' title='bbox 875 603 1112 672; x_wconf 82' lang='lat' dir='ltr'>Seleucensem</span> <span class='ocrx_word' id='word_1_16' title='bbox 1134 631 1185 694; x_wconf 90' lang='lat' dir='ltr'>po-</span> 
     </span>
     <span class='ocr_line' id='line_1_4' title="bbox 211 709 1186 797; baseline 0 -21"><span class='ocrx_word' id='word_1_17' title='bbox 211 710 289 796; x_wconf 93' lang='lat' dir='ltr'>pulo</span> <span class='ocrx_word' id='word_1_18' title='bbox 305 712 480 796; x_wconf 88' lang='lat' dir='ltr'>permittit.</span> <span class='ocrx_word' id='word_1_19' title='bbox 504 733 582 775; x_wconf 87' lang='lat' dir='ltr'>mox</span> <span class='ocrx_word' id='word_1_20' title='bbox 598 709 807 793; x_wconf 89' lang='lat' dir='ltr'>consultans,</span> <span class='ocrx_word' id='word_1_21' title='bbox 824 733 969 797; x_wconf 89' lang='lat' dir='ltr'>quonam</span> <span class='ocrx_word' id='word_1_22' title='bbox 986 709 1042 778; x_wconf 89' lang='lat' dir='ltr'>die</span> <span class='ocrx_word' id='word_1_23' title='bbox 1059 710 1186 776; x_wconf 89' lang='lat' dir='ltr'>sollem-</span> 
     </span>
     <span class='ocr_line' id='line_1_5' title="bbox 211 812 1186 899; baseline 0 -21"><span class='ocrx_word' id='word_1_24' title='bbox 211 816 269 878; x_wconf 85' lang='lat' dir='ltr'>nia</span> <span class='ocrx_word' id='word_1_25' title='bbox 285 815 381 898; x_wconf 89' lang='lat' dir='ltr'>regni</span> <span class='ocrx_word' id='word_1_26' title='bbox 411 821 617 899; x_wconf 82' lang='lat' dir='ltr'>capesseret,</span> <span class='ocrx_word' id='word_1_27' title='bbox 640 812 774 880; x_wconf 83' lang='lat' dir='ltr'>litteras</span> <span class='ocrx_word' id='word_1_28' title='bbox 790 813 948 878; x_wconf 84' lang='lat' dir='ltr'>Phraatis</span> <span class='ocrx_word' id='word_1_29' title='bbox 966 824 999 881; x_wconf 92' lang='lat' dir='ltr'>et</span> <span class='ocrx_word' id='word_1_30' title='bbox 1015 814 1186 892; x_wconf 90' lang='lat' dir='ltr'>Hieronis,</span> 
     </span>
     <span class='ocr_line' id='line_1_6' title="bbox 212 916 1189 1004; baseline 0 -22"><span class='ocrx_word' id='word_1_31' title='bbox 212 920 269 1004; x_wconf 91' lang='lat' dir='ltr'>qui</span> <span class='ocrx_word' id='word_1_32' title='bbox 292 917 521 984; x_wconf 89' lang='lat' dir='ltr'>validissimas</span> <span class='ocrx_word' id='word_1_33' title='bbox 544 918 776 1003; x_wconf 84' lang='lat' dir='ltr'>praefecturas</span> <span class='ocrx_word' id='word_1_34' title='bbox 806 916 1024 1001; x_wconf 89' lang='lat' dir='ltr'>obtinebant,</span> <span class='ocrx_word' id='word_1_35' title='bbox 1055 920 1189 1004; x_wconf 90' lang='lat' dir='ltr'>accipit,</span> 
     </span>
     <span class='ocr_line' id='line_1_7' title="bbox 212 1021 1190 1109; baseline 0 -21"><span class='ocrx_word' id='word_1_36' title='bbox 212 1023 350 1088; x_wconf 87' lang='lat' dir='ltr'>brevem</span> <span class='ocrx_word' id='word_1_37' title='bbox 372 1043 501 1086; x_wconf 89' lang='lat' dir='ltr'>moram</span> <span class='ocrx_word' id='word_1_38' title='bbox 528 1022 750 1107; x_wconf 84' lang='lat' dir='ltr'>precantium.</span> <span class='ocrx_word' id='word_1_39' title='bbox 794 1021 1023 1107; x_wconf 89' lang='lat' dir='ltr'>placitumque</span> <span class='ocrx_word' id='word_1_40' title='bbox 1047 1025 1190 1109; x_wconf 89' lang='lat' dir='ltr'>opperiri</span> 
     </span>
    </p>

    <p class='ocr_par' dir='ltr' id='par_1_4' title="bbox 162 1124 1195 1520">
     <span class='ocr_line' id='line_1_8' title="bbox 162 1124 1192 1213; baseline -0.003 -20"><span class='ocrx_word' id='word_1_41' title='bbox 162 1147 187 1186; x_wconf 55' lang='grc' dir='ltr'>πο</span> <span class='ocrx_word' id='word_1_42' title='bbox 213 1129 306 1194; x_wconf 88' lang='lat' dir='ltr'>viros</span> <span class='ocrx_word' id='word_1_43' title='bbox 328 1126 579 1213; x_wconf 89' lang='lat' dir='ltr'>praepollentis,</span> <span class='ocrx_word' id='word_1_44' title='bbox 602 1137 704 1212; x_wconf 91' lang='lat' dir='ltr'>atque</span> <span class='ocrx_word' id='word_1_45' title='bbox 727 1128 863 1192; x_wconf 90' lang='lat' dir='ltr'>interim</span> <span class='ocrx_word' id='word_1_46' title='bbox 885 1124 1071 1212; x_wconf 79' lang='lat' dir='ltr'>Ctesiphon</span> <span class='ocrx_word' id='word_1_47' title='bbox 1096 1125 1192 1190; x_wconf 88' lang='lat' dir='ltr'>sedes</span> 
     </span>
     <span class='ocr_line' id='line_1_9' title="bbox 214 1228 1193 1316; baseline -0.001 -21"><span class='ocrx_word' id='word_1_48' title='bbox 214 1231 345 1315; x_wconf 91' lang='lat' dir='ltr'>imperii</span> <span class='ocrx_word' id='word_1_49' title='bbox 374 1232 498 1316; x_wconf 88' lang='lat' dir='ltr'>petita:</span> <span class='ocrx_word' id='word_1_50' title='bbox 538 1229 599 1295; x_wconf 89' lang='lat' dir='ltr'>sed</span> <span class='ocrx_word' id='word_1_51' title='bbox 622 1229 679 1295; x_wconf 94' lang='lat' dir='ltr'>ubi</span> <span class='ocrx_word' id='word_1_52' title='bbox 704 1229 792 1296; x_wconf 89' lang='lat' dir='ltr'>diem</span> <span class='ocrx_word' id='word_1_53' title='bbox 816 1253 859 1294; x_wconf 87' lang='lat' dir='ltr'>ex</span> <span class='ocrx_word' id='word_1_54' title='bbox 883 1229 937 1294; x_wconf 93' lang='lat' dir='ltr'>die</span> <span class='ocrx_word' id='word_1_55' title='bbox 959 1228 1193 1315; x_wconf 88' lang='lat' dir='ltr'>prolatabant,</span> 
     </span>
     <span class='ocr_line' id='line_1_10' title="bbox 213 1331 1195 1420; baseline -0.003 -21"><span class='ocrx_word' id='word_1_56' title='bbox 213 1333 327 1400; x_wconf 90' lang='lat' dir='ltr'>multis</span> <span class='ocrx_word' id='word_1_57' title='bbox 344 1354 457 1398; x_wconf 85' lang='lat' dir='ltr'>coram</span> <span class='ocrx_word' id='word_1_58' title='bbox 481 1342 512 1398; x_wconf 92' lang='lat' dir='ltr'>et</span> <span class='ocrx_word' id='word_1_59' title='bbox 538 1332 804 1420; x_wconf 84' lang='lat' dir='ltr'>adprobantibus</span> <span class='ocrx_word' id='word_1_60' title='bbox 822 1331 950 1397; x_wconf 87' lang='lat' dir='ltr'>Surena</span> <span class='ocrx_word' id='word_1_61' title='bbox 967 1333 1080 1417; x_wconf 89' lang='lat' dir='ltr'>patrio</span> <span class='ocrx_word' id='word_1_62' title='bbox 1104 1355 1195 1398; x_wconf 89' lang='lat' dir='ltr'>more</span> 
     </span>
     <span class='ocr_line' id='line_1_11' title="bbox 214 1436 826 1520; baseline -0.005 -18"><span class='ocrx_word' id='word_1_63' title='bbox 214 1436 393 1503; x_wconf 87' lang='lat' dir='ltr'>Tiridaten</span> <span class='ocrx_word' id='word_1_64' title='bbox 416 1437 543 1520; x_wconf 89' lang='lat' dir='ltr'>insigni</span> <span class='ocrx_word' id='word_1_65' title='bbox 566 1437 661 1520; x_wconf 91' lang='lat' dir='ltr'>regio</span> <span class='ocrx_word' id='word_1_66' title='bbox 686 1437 826 1500; x_wconf 88' lang='lat' dir='ltr'>evinxit.</span> 
     </span>
    </p>

    <p class='ocr_par' dir='ltr' id='par_1_5' title="bbox 214 1539 1199 1938">
     <span class='ocr_line' id='line_1_12' title="bbox 318 1539 1196 1625; baseline 0 -23"><span class='ocrx_word' id='word_1_67' title='bbox 318 1539 370 1603; x_wconf 87' lang='lat'>43.</span> <span class='ocrx_word' id='word_1_68' title='bbox 393 1539 444 1604; x_wconf 92' lang='lat' dir='ltr'>Ac</span> <span class='ocrx_word' id='word_1_69' title='bbox 468 1540 496 1604; x_wconf 92' lang='lat' dir='ltr'>si</span> <span class='ocrx_word' id='word_1_70' title='bbox 513 1541 630 1604; x_wconf 88' lang='lat' dir='ltr'>statim</span> <span class='ocrx_word' id='word_1_71' title='bbox 645 1540 808 1604; x_wconf 88' lang='lat' dir='ltr'>interiora</span> <span class='ocrx_word' id='word_1_72' title='bbox 824 1548 1022 1625; x_wconf 88' lang='lat' dir='ltr'>ceterasque</span> <span class='ocrx_word' id='word_1_73' title='bbox 1037 1539 1196 1603; x_wconf 88' lang='lat' dir='ltr'>nationes</span> 
     </span>
     <span class='ocr_line' id='line_1_13' title="bbox 214 1642 1196 1731; baseline -0.004 -23"><span class='ocrx_word' id='word_1_74' title='bbox 214 1645 402 1731; x_wconf 84' lang='lat' dir='ltr'>petivisset,</span> <span class='ocrx_word' id='word_1_75' title='bbox 419 1665 579 1730; x_wconf 88' lang='lat' dir='ltr'>oppressa</span> <span class='ocrx_word' id='word_1_76' title='bbox 594 1645 828 1708; x_wconf 82' lang='lat' dir='ltr'>cunctantium</span> <span class='ocrx_word' id='word_1_77' title='bbox 845 1642 1013 1708; x_wconf 88' lang='lat' dir='ltr'>dubitatio</span> <span class='ocrx_word' id='word_1_78' title='bbox 1030 1652 1065 1707; x_wconf 88' lang='lat' dir='ltr'>et</span> <span class='ocrx_word' id='word_1_79' title='bbox 1082 1663 1196 1705; x_wconf 90' lang='lat' dir='ltr'>omnes</span> 
     </span>
     <span class='ocr_line' id='line_1_14' title="bbox 216 1745 1199 1831; baseline -0.004 -19"><span class='ocrx_word' id='word_1_80' title='bbox 216 1749 251 1812; x_wconf 94' lang='lat' dir='ltr'>in</span> <span class='ocrx_word' id='word_1_81' title='bbox 273 1769 376 1812; x_wconf 91' lang='lat' dir='ltr'>unum</span> <span class='ocrx_word' id='word_1_82' title='bbox 398 1747 583 1812; x_wconf 88' lang='lat' dir='ltr'>cedebant:</span> <span class='ocrx_word' id='word_1_83' title='bbox 613 1745 801 1812; x_wconf 87' lang='lat' dir='ltr'>adsidendo</span> <span class='ocrx_word' id='word_1_84' title='bbox 830 1745 1024 1830; x_wconf 89' lang='lat' dir='ltr'>castellum,</span> <span class='ocrx_word' id='word_1_85' title='bbox 1046 1747 1084 1810; x_wconf 93' lang='lat' dir='ltr'>in</span> <span class='ocrx_word' id='word_1_86' title='bbox 1108 1745 1199 1831; x_wconf 92' lang='lat' dir='ltr'>quod</span> 
     </span>
     <span class='ocr_line' id='line_1_15' title="bbox 216 1847 1198 1938; baseline -0.005 -21"><span class='ocrx_word' id='word_1_87' title='bbox 216 1852 394 1938; x_wconf 89' lang='lat' dir='ltr'>pecuniam</span> <span class='ocrx_word' id='word_1_88' title='bbox 417 1859 450 1915; x_wconf 93' lang='lat' dir='ltr'>et</span> <span class='ocrx_word' id='word_1_89' title='bbox 472 1850 619 1937; x_wconf 89' lang='lat' dir='ltr'>paelices</span> <span class='ocrx_word' id='word_1_90' title='bbox 643 1847 840 1916; x_wconf 88' lang='lat' dir='ltr'>Artabanus</span> <span class='ocrx_word' id='word_1_91' title='bbox 864 1849 1073 1931; x_wconf 88' lang='lat' dir='ltr'>contulerat,</span> <span class='ocrx_word' id='word_1_92' title='bbox 1104 1847 1198 1914; x_wconf 90' lang='lat' dir='ltr'>dedit</span> 
     </span>
    </p>

    <p class='ocr_par' dir='ltr' id='par_1_6' title="bbox 178 1951 1200 2452">
     <span class='ocr_line' id='line_1_16' title="bbox 178 1951 1199 2040; baseline -0.003 -21"><span class='ocrx_word' id='word_1_93' title='bbox 178 1973 191 2012; x_wconf 79' lang='lat'><strong>5</strong></span> <span class='ocrx_word' id='word_1_94' title='bbox 218 1957 364 2040; x_wconf 90' lang='lat' dir='ltr'>spatium</span> <span class='ocrx_word' id='word_1_95' title='bbox 398 1952 542 2018; x_wconf 86' lang='lat' dir='ltr'>exuendi</span> <span class='ocrx_word' id='word_1_96' title='bbox 575 1961 689 2038; x_wconf 90' lang='lat' dir='ltr'>pacta.</span> <span class='ocrx_word' id='word_1_97' title='bbox 723 1974 802 2017; x_wconf 91' lang='lat' dir='ltr'>nam</span> <span class='ocrx_word' id='word_1_98' title='bbox 830 1951 997 2018; x_wconf 88' lang='lat' dir='ltr'>Phraates</span> <span class='ocrx_word' id='word_1_99' title='bbox 1028 1961 1060 2016; x_wconf 88' lang='lat' dir='ltr'>et</span> <span class='ocrx_word' id='word_1_100' title='bbox 1093 1952 1199 2016; x_wconf 89' lang='lat' dir='ltr'>Hiero</span> 
     </span>
     <span class='ocr_line' id='line_1_17' title="bbox 218 2054 1200 2142; baseline -0.003 -19"><span class='ocrx_word' id='word_1_101' title='bbox 218 2069 251 2123; x_wconf 87' lang='lat' dir='ltr'>et</span> <span class='ocrx_word' id='word_1_102' title='bbox 282 2059 311 2122; x_wconf 95' lang='lat' dir='ltr'>si</span> <span class='ocrx_word' id='word_1_103' title='bbox 340 2059 397 2142; x_wconf 91' lang='lat' dir='ltr'>qui</span> <span class='ocrx_word' id='word_1_104' title='bbox 428 2055 487 2121; x_wconf 90' lang='lat' dir='ltr'>alii</span> <span class='ocrx_word' id='word_1_105' title='bbox 512 2054 678 2121; x_wconf 91' lang='lat' dir='ltr'>delectum</span> <span class='ocrx_word' id='word_1_106' title='bbox 708 2055 873 2141; x_wconf 88' lang='lat' dir='ltr'>capiendo</span> <span class='ocrx_word' id='word_1_107' title='bbox 899 2055 1085 2120; x_wconf 87' lang='lat' dir='ltr'>diademati</span> <span class='ocrx_word' id='word_1_108' title='bbox 1111 2056 1200 2120; x_wconf 89' lang='lat' dir='ltr'>diem</span> 
     </span>
     <span class='ocr_line' id='line_1_18' title="bbox 218 2158 1199 2245; baseline -0.004 -20"><span class='ocrx_word' id='word_1_109' title='bbox 218 2159 308 2226; x_wconf 90' lang='lat' dir='ltr'>haud</span> <span class='ocrx_word' id='word_1_110' title='bbox 331 2159 664 2242; x_wconf 86' lang='lat' dir='ltr'>concelebraverant,</span> <span class='ocrx_word' id='word_1_111' title='bbox 686 2181 766 2245; x_wconf 90' lang='lat' dir='ltr'>pars</span> <span class='ocrx_word' id='word_1_112' title='bbox 782 2169 883 2241; x_wconf 89' lang='lat' dir='ltr'>metu,</span> <span class='ocrx_word' id='word_1_113' title='bbox 908 2159 1044 2244; x_wconf 90' lang='lat' dir='ltr'>quidam</span> <span class='ocrx_word' id='word_1_114' title='bbox 1068 2158 1199 2222; x_wconf 87' lang='lat' dir='ltr'>invidia</span> 
     </span>
     <span class='ocr_line' id='line_1_19' title="bbox 219 2262 1199 2349; baseline -0.003 -20"><span class='ocrx_word' id='word_1_115' title='bbox 219 2267 253 2329; x_wconf 92' lang='lat' dir='ltr'>in</span> <span class='ocrx_word' id='word_1_116' title='bbox 276 2263 520 2347; x_wconf 81' lang='lat' dir='ltr'>Abdagaesen,</span> <span class='ocrx_word' id='word_1_117' title='bbox 544 2263 599 2349; x_wconf 89' lang='lat' dir='ltr'>qui</span> <span class='ocrx_word' id='word_1_118' title='bbox 623 2272 694 2327; x_wconf 88' lang='lat' dir='ltr'>tum</span> <span class='ocrx_word' id='word_1_119' title='bbox 718 2262 797 2328; x_wconf 88' lang='lat' dir='ltr'>aula</span> <span class='ocrx_word' id='word_1_120' title='bbox 822 2272 854 2327; x_wconf 89' lang='lat' dir='ltr'>et</span> <span class='ocrx_word' id='word_1_121' title='bbox 877 2284 963 2327; x_wconf 92' lang='lat' dir='ltr'>novo</span> <span class='ocrx_word' id='word_1_122' title='bbox 986 2284 1067 2346; x_wconf 88' lang='lat' dir='ltr'>rege</span> <span class='ocrx_word' id='word_1_123' title='bbox 1091 2265 1199 2348; x_wconf 90' lang='lat' dir='ltr'>potie-</span> 
     </span>
     <span class='ocr_line' id='line_1_20' title="bbox 219 2366 1199 2452; baseline -0.004 -19"><span class='ocrx_word' id='word_1_124' title='bbox 219 2367 334 2450; x_wconf 89' lang='lat' dir='ltr'>batur,</span> <span class='ocrx_word' id='word_1_125' title='bbox 365 2367 409 2431; x_wconf 93' lang='lat' dir='ltr'>ad</span> <span class='ocrx_word' id='word_1_126' title='bbox 431 2366 643 2432; x_wconf 86' lang='lat' dir='ltr'>Artabanum</span> <span class='ocrx_word' id='word_1_127' title='bbox 664 2375 814 2449; x_wconf 82' lang='lat' dir='ltr'>vertere3</span> <span class='ocrx_word' id='word_1_128' title='bbox 848 2367 943 2452; x_wconf 90' lang='lat' dir='ltr'>isque</span> <span class='ocrx_word' id='word_1_129' title='bbox 967 2369 1001 2431; x_wconf 93' lang='lat' dir='ltr'>in</span> <span class='ocrx_word' id='word_1_130' title='bbox 1023 2366 1199 2451; x_wconf 89' lang='lat' dir='ltr'>Hyrcanis</span> 
     </span>
    </p>

    <p class='ocr_par' dir='ltr' id='par_1_7' title="bbox 169 2468 1195 2556">
     <span class='ocr_line' id='line_1_21' title="bbox 169 2468 1195 2556; baseline -0.001 -21"><span class='ocrx_word' id='word_1_131' title='bbox 169 2491 192 2528; x_wconf 82' lang='lat'>10</span> <span class='ocrx_word' id='word_1_132' title='bbox 220 2481 371 2556; x_wconf 87' lang='lat' dir='ltr'>repertus</span> <span class='ocrx_word' id='word_1_133' title='bbox 396 2479 457 2552; x_wconf 88' lang='lat' dir='ltr'>est,</span> <span class='ocrx_word' id='word_1_134' title='bbox 482 2468 608 2534; x_wconf 89' lang='lat' dir='ltr'>inluvie</span> <span class='ocrx_word' id='word_1_135' title='bbox 632 2468 762 2534; x_wconf 89' lang='lat' dir='ltr'>obsitus</span> <span class='ocrx_word' id='word_1_136' title='bbox 786 2478 820 2534; x_wconf 92' lang='lat' dir='ltr'>et</span> <span class='ocrx_word' id='word_1_137' title='bbox 843 2468 1006 2534; x_wconf 90' lang='lat' dir='ltr'>alimenta</span> <span class='ocrx_word' id='word_1_138' title='bbox 1029 2491 1114 2534; x_wconf 89' lang='lat' dir='ltr'>arcu</span> <span class='ocrx_word' id='word_1_139' title='bbox 1140 2494 1195 2534; x_wconf 82' lang='lat' dir='ltr'>cx·</span> 
     </span>
    </p>

    <p class='ocr_par' dir='ltr' id='par_1_8' title="bbox 144 2560 1201 2969">
     <span class='ocr_line' id='line_1_22' title="bbox 144 2560 1197 2658; baseline 0.009 -24"><span class='ocrx_word' id='word_1_140' title='bbox 144 2560 145 2564; x_wconf 26' lang='lat'>¹</span> <span class='ocrx_word' id='word_1_141' title='bbox 219 2572 367 2658; x_wconf 89' lang='lat' dir='ltr'>pediens.</span> <span class='ocrx_word' id='word_1_142' title='bbox 392 2595 431 2636; x_wconf 90' lang='lat' dir='ltr'>ac</span> <span class='ocrx_word' id='word_1_143' title='bbox 443 2574 549 2658; x_wconf 88' lang='lat' dir='ltr'>primo</span> <span class='ocrx_word' id='word_1_144' title='bbox 562 2583 734 2657; x_wconf 88' lang='lat' dir='ltr'>tamquam</span> <span class='ocrx_word' id='word_1_145' title='bbox 747 2571 843 2637; x_wconf 90' lang='lat' dir='ltr'>dolus</span> <span class='ocrx_word' id='word_1_146' title='bbox 855 2581 1033 2658; x_wconf 88' lang='lat' dir='ltr'>pararetur</span> <span class='ocrx_word' id='word_1_147' title='bbox 1045 2577 1197 2643; x_wconf 85' lang='lat' dir='ltr'>territus.</span> 
     </span>
     <span class='ocr_line' id='line_1_23' title="bbox 218 2675 1196 2761; baseline 0.001 -21"><span class='ocrx_word' id='word_1_148' title='bbox 218 2676 277 2741; x_wconf 92' lang='lat' dir='ltr'>ubi</span> <span class='ocrx_word' id='word_1_149' title='bbox 295 2675 375 2740; x_wconf 88' lang='lat' dir='ltr'>data</span> <span class='ocrx_word' id='word_1_150' title='bbox 391 2675 474 2740; x_wconf 91' lang='lat' dir='ltr'>fides</span> <span class='ocrx_word' id='word_1_151' title='bbox 491 2675 685 2741; x_wconf 90' lang='lat' dir='ltr'>reddendae</span> <span class='ocrx_word' id='word_1_152' title='bbox 701 2675 922 2740; x_wconf 89' lang='lat' dir='ltr'>dominationi</span> <span class='ocrx_word' id='word_1_153' title='bbox 938 2678 1084 2761; x_wconf 88' lang='lat' dir='ltr'>venisse,</span> <span class='ocrx_word' id='word_1_154' title='bbox 1103 2677 1196 2742; x_wconf 88' lang='lat' dir='ltr'>adle-</span> 
     </span>
     <span class='ocr_line' id='line_1_24' title="bbox 219 2780 1199 2866; baseline -0.003 -20"><span class='ocrx_word' id='word_1_155' title='bbox 219 2791 320 2846; x_wconf 90' lang='lat' dir='ltr'>vatur</span> <span class='ocrx_word' id='word_1_156' title='bbox 343 2780 490 2844; x_wconf 91' lang='lat' dir='ltr'>animum</span> <span class='ocrx_word' id='word_1_157' title='bbox 514 2787 546 2844; x_wconf 92' lang='lat' dir='ltr'>et</span> <span class='ocrx_word' id='word_1_158' title='bbox 563 2801 648 2864; x_wconf 92' lang='lat' dir='ltr'>quae</span> <span class='ocrx_word' id='word_1_159' title='bbox 671 2780 847 2864; x_wconf 91' lang='lat' dir='ltr'>repentina</span> <span class='ocrx_word' id='word_1_160' title='bbox 871 2780 1012 2844; x_wconf 91' lang='lat' dir='ltr'>mutatio</span> <span class='ocrx_word' id='word_1_161' title='bbox 1037 2782 1199 2866; x_wconf 83' lang='lat' dir='ltr'>exquirit.</span> 
     </span>
     <span class='ocr_line' id='line_1_25' title="bbox 221 2882 1201 2969; baseline -0.001 -21"><span class='ocrx_word' id='word_1_162' title='bbox 221 2894 290 2949; x_wconf 90' lang='lat' dir='ltr'>tum</span> <span class='ocrx_word' id='word_1_163' title='bbox 304 2884 407 2948; x_wconf 86' lang='lat' dir='ltr'>Hiero</span> <span class='ocrx_word' id='word_1_164' title='bbox 424 2884 603 2969; x_wconf 88' lang='lat' dir='ltr'>pueritiam</span> <span class='ocrx_word' id='word_1_165' title='bbox 615 2882 778 2948; x_wconf 85' lang='lat' dir='ltr'>Tiridatis</span> <span class='ocrx_word' id='word_1_166' title='bbox 792 2885 954 2969; x_wconf 89' lang='lat' dir='ltr'>increpat,</span> <span class='ocrx_word' id='word_1_167' title='bbox 974 2905 1083 2968; x_wconf 91' lang='lat' dir='ltr'>neque</span> <span class='ocrx_word' id='word_1_168' title='bbox 1099 2906 1201 2969; x_wconf 88' lang='lat' dir='ltr'>penes</span> 
     </span>
    </p>

    <p class='ocr_par' dir='ltr' id='par_1_9' title="bbox 171 2985 1200 3173">
     <span class='ocr_line' id='line_1_26' title="bbox 171 2985 1200 3072; baseline 0.002 -24"><span class='ocrx_word' id='word_1_169' title='bbox 171 3009 195 3048; x_wconf 90' lang='lat'>15</span> <span class='ocrx_word' id='word_1_170' title='bbox 221 2987 411 3052; x_wconf 89' lang='lat' dir='ltr'>Arsaciden</span> <span class='ocrx_word' id='word_1_171' title='bbox 428 2987 611 3072; x_wconf 89' lang='lat' dir='ltr'>imperium,</span> <span class='ocrx_word' id='word_1_172' title='bbox 637 2985 697 3050; x_wconf 89' lang='lat' dir='ltr'>sed</span> <span class='ocrx_word' id='word_1_173' title='bbox 712 2987 814 3050; x_wconf 91' lang='lat' dir='ltr'>inane</span> <span class='ocrx_word' id='word_1_174' title='bbox 835 3009 956 3052; x_wconf 90' lang='lat' dir='ltr'>nomen</span> <span class='ocrx_word' id='word_1_175' title='bbox 980 2986 1072 3072; x_wconf 86' lang='lat' dir='ltr'>apud</span> <span class='ocrx_word' id='word_1_176' title='bbox 1095 2985 1200 3050; x_wconf 90' lang='lat' dir='ltr'>inbel-</span> 
     </span>
     <span class='ocr_line' id='line_1_27' title="bbox 220 3088 1147 3173; baseline -0.005 -15"><span class='ocrx_word' id='word_1_177' title='bbox 220 3093 285 3158; x_wconf 91' lang='lat' dir='ltr'>lem</span> <span class='ocrx_word' id='word_1_178' title='bbox 309 3101 450 3158; x_wconf 88' lang='lat' dir='ltr'>externa</span> <span class='ocrx_word' id='word_1_179' title='bbox 473 3089 625 3171; x_wconf 86' lang='lat' dir='ltr'>mollitie,</span> <span class='ocrx_word' id='word_1_180' title='bbox 649 3091 717 3154; x_wconf 91' lang='lat' dir='ltr'>vim</span> <span class='ocrx_word' id='word_1_181' title='bbox 739 3091 774 3154; x_wconf 93' lang='lat' dir='ltr'>in</span> <span class='ocrx_word' id='word_1_182' title='bbox 798 3088 1011 3173; x_wconf 88' lang='lat' dir='ltr'>Abdagaesis</span> <span class='ocrx_word' id='word_1_183' title='bbox 1037 3089 1147 3154; x_wconf 92' lang='lat' dir='ltr'>domo.</span> 
     </span>
    </p>

    <p class='ocr_par' dir='ltr' id='par_1_10' title="bbox 225 3192 1202 3590">
     <span class='ocr_line' id='line_1_28' title="bbox 325 3192 1200 3276; baseline 0 -20"><span class='ocrx_word' id='word_1_184' title='bbox 325 3194 377 3259; x_wconf 86' lang='lat'>44.</span> <span class='ocrx_word' id='word_1_185' title='bbox 402 3193 515 3258; x_wconf 86' lang='lat' dir='ltr'>Sensit</span> <span class='ocrx_word' id='word_1_186' title='bbox 548 3202 646 3257; x_wconf 88' lang='lat' dir='ltr'>vetus</span> <span class='ocrx_word' id='word_1_187' title='bbox 681 3193 847 3276; x_wconf 90' lang='lat' dir='ltr'>regnandi</span> <span class='ocrx_word' id='word_1_188' title='bbox 881 3192 986 3258; x_wconf 88' lang='lat' dir='ltr'>falsos</span> <span class='ocrx_word' id='word_1_189' title='bbox 1022 3195 1056 3258; x_wconf 93' lang='lat' dir='ltr'>in</span> <span class='ocrx_word' id='word_1_190' title='bbox 1090 3215 1200 3258; x_wconf 87' lang='lat' dir='ltr'>amore</span> 
     </span>
     <span class='ocr_line' id='line_1_29' title="bbox 225 3296 1198 3382; baseline -0.004 -18"><span class='ocrx_word' id='word_1_191' title='bbox 225 3300 302 3364; x_wconf 89' lang='lat' dir='ltr'>odia</span> <span class='ocrx_word' id='word_1_192' title='bbox 325 3320 392 3363; x_wconf 93' lang='lat' dir='ltr'>non</span> <span class='ocrx_word' id='word_1_193' title='bbox 415 3298 552 3380; x_wconf 89' lang='lat' dir='ltr'>fingere.</span> <span class='ocrx_word' id='word_1_194' title='bbox 597 3317 659 3360; x_wconf 93' lang='lat' dir='ltr'>nec</span> <span class='ocrx_word' id='word_1_195' title='bbox 689 3296 779 3361; x_wconf 92' lang='lat' dir='ltr'>ultra</span> <span class='ocrx_word' id='word_1_196' title='bbox 801 3305 962 3381; x_wconf 89' lang='lat' dir='ltr'>meratus,</span> <span class='ocrx_word' id='word_1_197' title='bbox 996 3296 1198 3382; x_wconf 84' lang='lat' dir='ltr'>quamdam</span> 
     </span>
     <span class='ocr_line' id='line_1_30' title="bbox 226 3398 1202 3486; baseline -0.002 -21"><span class='ocrx_word' id='word_1_198' title='bbox 226 3399 430 3485; x_wconf 90' lang='lat' dir='ltr'>Scytharum</span> <span class='ocrx_word' id='word_1_199' title='bbox 463 3398 594 3464; x_wconf 84' lang='lat' dir='ltr'>auxilia</span> <span class='ocrx_word' id='word_1_200' title='bbox 629 3401 794 3483; x_wconf 88' lang='lat' dir='ltr'>conciret,</span> <span class='ocrx_word' id='word_1_201' title='bbox 829 3401 939 3486; x_wconf 86' lang='lat' dir='ltr'>pergit</span> <span class='ocrx_word' id='word_1_202' title='bbox 973 3421 1136 3486; x_wconf 89' lang='lat' dir='ltr'>properus</span> <span class='ocrx_word' id='word_1_203' title='bbox 1171 3411 1202 3464; x_wconf 87' lang='lat' dir='ltr'>ct</span> 
     </span>
     <span class='ocr_line' id='line_1_31' title="bbox 225 3504 1202 3590; baseline 0.002 -24"><span class='ocrx_word' id='word_1_204' title='bbox 225 3504 446 3587; x_wconf 89' lang='lat' dir='ltr'>praeveniens</span> <span class='ocrx_word' id='word_1_205' title='bbox 469 3504 681 3568; x_wconf 90' lang='lat' dir='ltr'>inimicorum</span> <span class='ocrx_word' id='word_1_206' title='bbox 695 3511 799 3587; x_wconf 89' lang='lat' dir='ltr'>astus,</span> <span class='ocrx_word' id='word_1_207' title='bbox 823 3505 1007 3570; x_wconf 88' lang='lat' dir='ltr'>amicorum</span> <span class='ocrx_word' id='word_1_208' title='bbox 1027 3506 1202 3590; x_wconf 86' lang='lat' dir='ltr'>paeniten-</span> 
     </span>
    </p>

    <p class='ocr_par' dir='ltr' id='par_1_11' title="bbox 188 3604 1201 3690">
     <span class='ocr_line' id='line_1_32' title="bbox 188 3604 1201 3690; baseline 0.006 -24"><span class='ocrx_word' id='word_1_209' title='bbox 188 3620 200 3659; x_wconf 75' lang='grc' dir='ltr'><strong>ῡ</strong></span> <span class='ocrx_word' id='word_1_210' title='bbox 227 3605 326 3685; x_wconf 79' lang='lat' dir='ltr'>tiam3</span> <span class='ocrx_word' id='word_1_211' title='bbox 348 3625 456 3688; x_wconf 90' lang='lat' dir='ltr'>neque</span> <span class='ocrx_word' id='word_1_212' title='bbox 473 3613 614 3669; x_wconf 87' lang='lat' dir='ltr'>exuerat</span> <span class='ocrx_word' id='word_1_213' title='bbox 628 3604 820 3690; x_wconf 90' lang='lat' dir='ltr'>paedorem,</span> <span class='ocrx_word' id='word_1_214' title='bbox 843 3615 881 3672; x_wconf 89' lang='lat' dir='ltr'>ut</span> <span class='ocrx_word' id='word_1_215' title='bbox 903 3605 1042 3690; x_wconf 90' lang='lat' dir='ltr'>vulgum</span> <span class='ocrx_word' id='word_1_216' title='bbox 1064 3611 1201 3674; x_wconf 86' lang='lat' dir='ltr'>misera·</span> 
     </span>
    </p>
   </div>
   <div class='ocr_carea' id='block_1_3' title="bbox 0 0 1262 4084">
    <p class='ocr_par' dir='ltr' id='par_1_12' title="bbox 0 0 1262 4084">
     <span class='ocr_line' id='line_1_33' title="bbox 0 0 1262 4084; baseline 0 0"><span class='ocrx_word' id='word_1_217' title='bbox 0 0 1262 4084; x_wconf 95' lang='lat' dir='ltr'> </span> 
     </span>
    </p>
   </div>
  </div>
 </body>
</html>
