2534 4084
204 237 246 300 24
528 233 701 292 CORNELII
718 239 842 291 TACITI

202 444 328 513 vallum
351 458 409 513 aut
432 449 466 513 in
482 471 613 515 amnem
627 447 779 513 Rhenum
800 448 980 533 proiciunt.
997 445 1196 532 Septimius

204 570 280 614 cum
301 551 504 635 perfugisset
527 550 573 616 ad
594 549 743 617 tribunal
772 549 982 636 pedibusque
1008 549 1198 616 Caecinae

152 668 178 708 1⁰
205 651 450 736 advolveretur,
485 676 523 719 eo
562 676 666 740 usque
698 653 871 738 flagitatus
896 664 957 737 cst,
992 653 1103 719 donec
1148 655 1198 719 ad

205 757 345 822 exitium
379 757 566 823 dederetur.
601 755 739 822 Cassius
764 755 927 840 Chaerea,
960 779 1040 822 mox
1073 758 1197 824 caede

205 857 271 924 Gai
305 858 463 927 Caesaris
496 863 691 927 memoriam
721 860 811 947 apud
844 871 996 946 posteros
1027 860 1197 946 adeptus,

204 973 273 1028 tum
307 963 506 1030 adulescens
540 975 573 1030 et
607 965 711 1029 animi
744 964 856 1046 ferox,
886 967 975 1029 inter
1003 963 1196 1030 obstantes

205 1077 238 1131 et
275 1077 422 1133 armatos
459 1069 547 1133 ferro
579 1069 671 1133 viam
707 1069 879 1153 patefecit.
919 1089 987 1132 non
1025 1066 1196 1132 tribunus

153 1185 178 1226 15
204 1169 304 1254 ultra,
327 1193 394 1235 non
417 1182 607 1237 castrorum
624 1171 816 1256 praefectus
848 1172 900 1235 ius
935 1169 1097 1235 obtinuit:
1138 1173 1194 1235 vi-

205 1271 316 1356 gilias,
341 1277 516 1358 stationes,
540 1284 574 1340 et
597 1275 626 1339 si
650 1297 716 1361 qua
740 1274 809 1339 alia
831 1295 997 1360 praesens
1021 1295 1103 1337 usus
1139 1275 1194 1337 in-

206 1375 354 1461 dixerat,
390 1379 454 1463 ipsi
486 1377 731 1463 partiebantur.
769 1377 804 1443 id
843 1377 1007 1442 militares
1049 1377 1194 1442 animos

205 1477 306 1544 altius
330 1479 599 1546 coniectantibus
623 1483 840 1566 praecipuum
870 1480 1032 1545 indicium
1064 1483 1194 1564 magni

205 1592 306 1668 atque
335 1582 549 1669 inplacabilis
572 1594 693 1668 motus,
716 1584 806 1671 quod
828 1607 935 1671 neque
964 1582 1096 1648 disiecti
1125 1595 1193 1650 aut

153 1705 179 1744 2⁰
205 1708 388 1772 paucorum
404 1689 577 1769 instinctu,
595 1686 654 1752 sed
669 1690 797 1773 pariter
812 1687 1040 1770 ardescerent,
1052 1687 1194 1772 pariter

206 1787 354 1875 silerent,
378 1799 476 1855 tanta
500 1788 708 1877 aequalitate
743 1800 776 1856 et
799 1791 1004 1874 constantia,
1038 1800 1075 1855 ut
1108 1793 1193 1874 regi

205 1891 371 1957 crederes.

308 2010 359 2076 33.
382 2011 519 2078 Interea
543 2009 746 2078 Germanico
770 2036 830 2098 per
854 2011 998 2097 Gallias,
1028 2023 1065 2078 ut
1094 2011 1191 2078 dixi-

204 2138 287 2198 mus,
311 2137 432 2180 census
468 2117 652 2201 accipienti
687 2118 876 2181 excessisse
899 2116 1087 2201 Augustum
1123 2117 1191 2182 ad-

102 2213 103 2218 ’
205 2219 320 2284 fertur.
354 2228 488 2304 neptem
526 2220 597 2284 eius
634 2217 858 2306 Agrippinam
896 2222 931 2284 in
967 2221 1190 2285 matrimonio

205 2320 384 2408 pluresque
407 2343 450 2386 ex
473 2343 513 2386 ea
535 2320 660 2387 liberos
678 2320 837 2406 habebat,
861 2324 933 2408 ipse
948 2322 1060 2387 Druso
1076 2323 1192 2388 fratre

167 2447 181 2487 s
207 2423 336 2489 Tiberii
358 2425 504 2509 genitus,
520 2423 695 2508 Augustae
718 2447 832 2510 nepos,
857 2424 918 2490 sed
934 2427 1055 2490 anxius
1072 2427 1190 2492 oecul-

207 2529 250 2594 tis
274 2529 309 2592 in
333 2550 369 2592 se
401 2529 515 2613 patrui
550 2529 714 2615 aviaeque
750 2527 847 2611 odiis,
885 2550 1025 2615 quorum
1058 2551 1191 2594 causae

207 2631 366 2713 acriores,
390 2631 469 2716 quia
493 2631 638 2716 iniquae.
662 2632 783 2717 quippe
806 2630 910 2695 Drusi
939 2652 1063 2715 magna
1091 2633 1190 2716 apud

206 2731 363 2818 populum
399 2731 586 2796 Romanum
624 2735 801 2817 memoria,
835 2732 1118 2821 credebaturque,
1158 2738 1189 2800 si

207 2857 318 2900 rerum
338 2836 465 2920 potitus
481 2835 579 2919 foret,
601 2834 795 2900 libertatem
810 2834 1020 2920 redditurum
1043 2836 1133 2902 unde
1152 2841 1189 2904 in

156 2964 181 3004 ro
208 2935 448 3002 Germanicum
469 2936 567 3002 favor
590 2949 624 3003 et
647 2959 722 3024 spes
747 2938 874 3003 eadem.
898 2962 977 3004 nam
1000 2941 1113 3004 iuveni
1140 2943 1187 3006 ci-

208 3039 276 3105 vile
299 3041 480 3124 ingenium,
503 3042 589 3105 mira
611 3043 754 3106 comitas
778 3052 811 3107 et
835 3040 969 3108 diversa
993 3042 1036 3107 ab
1055 3041 1187 3109 Tiberii

209 3165 361 3208 sermone
382 3143 487 3226 vultu,
511 3143 756 3228 adrogantibus
780 3156 814 3210 et
843 3145 1006 3223 obscuris.
1041 3147 1185 3212 accede-

208 3246 293 3313 bant
315 3244 494 3312 muliebres
519 3245 717 3312 offensiones
741 3247 979 3314 novercalibus
1002 3248 1123 3314 Liviae
1149 3252 1183 3316 in

209 3349 433 3436 Agrippinam
457 3349 612 3434 stimulis,
642 3361 742 3437 atque
770 3351 843 3435 ipsa
866 3351 1056 3438 Agrippina
1081 3353 1184 3438 paulo

158 3479 184 3520 rs
210 3454 417 3536 commotior,
451 3453 519 3518 nisi
547 3451 636 3540 quod
670 3454 830 3520 castitate
854 3465 888 3520 et
920 3457 1035 3521 mariti
1072 3480 1185 3523 amore

212 3556 364 3640 quamvis
398 3553 598 3621 indomitum
624 3556 773 3621 animum
803 3557 837 3621 in
866 3556 990 3622 bonum
1019 3559 1185 3626 vertebat.
