2530 4084
274 288 321 339 AB
340 285 501 338 EXCESSU
519 283 679 338 AUGUSTI
695 281 746 335 111.
767 281 876 335 12-15.
1000 282 1062 352 119

63 503 136 566 per
163 480 302 560 diversa
334 477 554 566 inplacabiles
579 484 692 559 erant,
723 473 851 542 Caesar
874 472 916 538 oh
938 473 1063 540 bellum

64 584 282 670 provinciae
298 582 449 665 inlatum,
473 588 611 646 senatus
626 599 809 663 numquam
831 578 916 642 satis
933 577 1063 643 credito

68 689 154 753 sine
181 686 303 753 fraude
327 683 566 752 Germanicum
589 684 757 748 interisse.
782 691 1064 768 accusatoresque

73 791 265 856 intendere
290 790 509 876 suspiciones,
532 786 675 874 proferri
698 808 784 872 quae
806 786 884 851 Piso
908 795 941 850 et
963 784 1062 850 Plan·
1090 805 1116 847 rs

71 899 161 964 cina
192 896 238 961 ad
271 897 456 982 principem
482 893 682 978 Liviamque
717 893 931 979 scripsissent
965 915 1065 980 expo-

74 1001 273 1083 stulantes,
304 997 394 1085 quod
422 996 514 1062 haud
548 996 658 1060 minus
681 994 836 1060 Tiberius
866 1019 967 1083 quam
988 998 1065 1063 Piso

77 1103 246 1170 abnuere.
292 1101 391 1167 simul
417 1099 532 1187 populi
561 1107 641 1164 ante
671 1100 798 1164 curiam
821 1121 922 1165 voces
952 1101 1066 1166 audie·

75 1205 228 1272 bantur:
251 1227 318 1270 non
341 1212 585 1291 temperaturos
602 1201 768 1285 manibus,
793 1205 820 1268 si
835 1213 970 1290 patrum
993 1227 1066 1268 sen-

79 1309 215 1374 tentias
239 1309 416 1373 evasisset.
452 1305 647 1391 effigiesque
669 1305 801 1370 Pisonis
830 1313 1007 1372 traxerant
1031 1309 1066 1372 in
1094 1323 1119 1362 20

82 1409 272 1478 Gemonias
296 1433 337 1476 ac
361 1408 587 1490 divellebant,
616 1410 652 1472 ni
675 1410 769 1474 iussu
801 1410 964 1495 principis
992 1432 1066 1497 pro-

83 1526 202 1584 tectae
224 1516 458 1602 repositaeque
480 1514 600 1578 forent.
645 1513 750 1596 igitur
772 1512 901 1578 inditus
924 1513 1067 1581 lecticae

86 1631 119 1686 et
137 1645 161 1686 a
176 1619 313 1686 tribuno
328 1621 519 1706 praetoriae
542 1617 689 1684 cohortis
708 1616 871 1683 deductus
888 1626 949 1700 est,
972 1619 1067 1682 vario

84 1745 231 1808 rumore,
254 1732 369 1788 custos
393 1722 496 1788 saluti
512 1745 556 1787 an
571 1723 688 1788 mortis
706 1731 845 1788 exactor
864 1730 1068 1808 sequeretur.

195 1825 246 1890 15.
267 1825 398 1892 Eadem
419 1825 604 1892 Plancinae
627 1825 771 1909 invidia,
803 1824 910 1890 maior
939 1825 1069 1909 gratia3

90 1953 196 2018 eoque
219 1929 414 2014 ambiguum
441 1928 647 2013 habebatur,
677 1938 840 2015 quantum
863 1927 1005 1994 Caesari
1034 1929 1069 1993 in

91 2056 167 2099 eam
190 2032 318 2098 liceret.
343 2041 444 2118 atque
467 2033 551 2118 ipsa,
576 2031 682 2098 donec
705 2032 838 2098 mediae
852 2032 967 2097 Pisoni
984 2053 1069 2118 spes,

92 2139 221 2203 sociam
244 2158 280 2201 se
303 2137 543 2222 cuiuscumque
566 2136 721 2202 fortunae
745 2145 787 2220 et,
818 2138 847 2202 si
877 2138 925 2201 ita
956 2135 1068 2218 ferret,

92 2241 248 2307 comitem
277 2241 373 2305 exitii
401 2239 635 2326 promittebat:
663 2250 702 2305 ut
731 2241 871 2306 secretis
893 2237 1071 2324 Augustae
1098 2253 1111 2295 ⁶

93 2342 248 2431 precibus
277 2345 412 2409 veniam
446 2343 608 2424 obtinuit,
641 2344 808 2430 paulatim
842 2344 1017 2428 segregari
1050 2365 1070 2406 a

95 2449 231 2530 marito,
264 2446 415 2513 dividere
453 2446 682 2513 defensionem
709 2450 829 2534 coepit.
875 2446 965 2535 quod
993 2467 1070 2511 reus

96 2559 272 2637 postquam
300 2550 366 2615 sibi
390 2550 566 2616 exitiabile
588 2549 775 2636 intellegit,
805 2573 849 2616 an
879 2549 989 2616 adhuc
1015 2571 1071 2614 ex·

97 2655 260 2740 periretur
283 2653 452 2738 dubitans,
475 2654 691 2720 hortantibus
706 2653 785 2719 filiis
810 2655 910 2720 durat
926 2662 1071 2720 mentem

100 2765 315 2842 senatumque
343 2779 475 2822 rursum
503 2757 709 2842 ingreditur3
736 2757 1072 2843 redintegratamque
1098 2770 1124 2810 1⁰

101 2861 364 2945 accusationem,
393 2861 542 2926 infensas
570 2869 704 2948 patrum
727 2883 838 2946 voces,
869 2861 1014 2928 adversa
1038 2869 1071 2927 et

103 2985 200 3032 saeva
224 2972 348 3028 cuncta
364 2986 551 3051 perpessus,
574 2965 666 3030 nullo
689 2967 799 3049 magis
816 2967 998 3031 exterritus
1022 2973 1072 3030 est
1130 3049 1133 3052 ,

103 3089 196 3153 quam
220 3066 312 3152 quod
334 3066 508 3132 Tiberium
543 3068 615 3134 sine
644 3069 883 3152 miseratione,
916 3069 989 3133 sine
1022 3071 1073 3133 ira

104 3169 305 3236 obstinatum
327 3169 544 3256 clausumque
567 3171 664 3255 vidit,
686 3195 730 3236 ne
753 3193 817 3258 quo
841 3171 978 3238 adfectu
999 3193 1072 3258 per·

105 3283 315 3360 rumperetur.
338 3273 465 3339 relatus
484 3274 626 3358 domum,
650 3283 822 3361 tamquam
845 3275 1072 3340 defensionem
1100 3285 1125 3325 1⁶

107 3379 137 3442 in
157 3384 326 3462 posterum
353 3376 591 3460 meditaretur,
625 3399 736 3463 pauca
771 3377 956 3444 conscribit
985 3377 1072 3445 obsi-

108 3490 248 3567 gnatque
273 3490 306 3547 et
327 3479 449 3545 liberto
466 3481 587 3564 tradit,
609 3489 681 3546 tum
704 3481 804 3547 solita
828 3481 977 3548 curando
1001 3504 1073 3548 cor-

107 3585 174 3671 pori
189 3585 393 3671 exsequitur.
417 3584 494 3651 dein
516 3583 655 3651 multam
678 3593 755 3672 post
768 3591 912 3668 noctem,
936 3605 1075 3670 egressa
