2530 4084
260 315 305 366 AB
324 315 488 369 Excusso
506 315 665 370 AUGUSTI
683 316 733 367 111.
752 318 861 368 43-46.
987 316 1048 382 139

68 507 256 592 signiferis,
280 507 442 573 fremente
466 508 568 572 etiam
591 508 748 591 gregario
770 506 887 590 milite,
910 529 953 572 ne
977 530 1048 572 sue-

67 621 143 676 tam
167 612 326 697 requiem,
350 633 392 676 ne
410 611 520 697 spatia
542 611 693 675 noctium
710 612 933 696 opperiretur:
956 610 1049 676 vide-

67 724 148 779 rent
172 714 271 780 modo
295 714 456 780 adversos
487 723 520 779 et
543 716 791 800 aspicerentur3
825 713 861 778 id
890 715 974 779 satis
1005 714 1050 779 ad

68 818 264 882 victoriam.
290 816 522 883 duodecimum
538 817 628 904 apud
651 816 798 904 lapidem
815 815 973 884 Sacrovir
995 840 1050 884 co-

67 924 215 1008 piaeque
236 921 430 1009 patentibus
454 920 538 986 locis
562 942 757 1007 apparuere.
793 923 827 986 in
850 920 959 987 fronte
983 932 1050 988 sta·
1077 930 1103 970 1⁰

68 1036 188 1091 tuerat
203 1025 357 1109 ferratos,
376 1027 410 1091 in
426 1024 585 1091 cornibus
600 1025 765 1108 cobortes,
781 1048 801 1089 a
818 1035 913 1109 tergo
930 1048 1050 1092 semer·

67 1152 156 1194 mos.
191 1131 263 1216 ipse
286 1131 374 1194 inter
395 1131 557 1216 primores
582 1150 665 1215 equo
689 1130 816 1212 insigni
839 1128 950 1212 adiro,
983 1152 1049 1195 ma-

67 1255 205 1298 morare
228 1242 360 1299 veteres
377 1231 552 1298 Gallorum
575 1232 701 1316 glorias
725 1253 876 1318 quaeque
890 1233 1050 1298 Romanis

69 1337 219 1402 adversa
243 1336 456 1421 intulissent3
479 1359 579 1424 quam
603 1336 725 1403 decora
741 1335 927 1401 victoribus
949 1335 1050 1401 liber-

69 1451 143 1524 tas,
167 1450 293 1527 quanto
317 1440 553 1506 intolerantior
576 1442 721 1506 servitus
750 1440 872 1505 iterum
894 1441 1006 1504 victis.
1077 1447 1103 1486 1⁵

175 1543 228 1608 46.
251 1545 327 1611 Non
356 1544 414 1610 diu
441 1544 525 1609 haec
553 1566 616 1609 nec
646 1544 738 1630 apud
765 1543 891 1609 laetos:
926 1545 1051 1609 etenim

70 1649 323 1737 propinquabat
345 1649 515 1733 legionum
537 1651 644 1733 acies,
673 1647 904 1734 inconditique
926 1669 968 1712 ac
990 1647 1050 1712 mi·

71 1753 168 1819 litiae
192 1755 301 1819 nescii
330 1752 489 1840 oppidani
520 1776 627 1840 neque
652 1751 757 1817 oculis
780 1773 888 1838 neque
912 1749 1049 1815 auribus

72 1859 158 1922 satis
183 1855 419 1943 conpetebant.
452 1865 570 1922 contra
595 1854 712 1939 Silius,
742 1857 807 1921 etsi
834 1863 1050 1941 praesumpta

72 1983 148 2046 spes
172 1959 332 2025 hortandi
356 1981 478 2025 causas
504 1970 684 2044 exemerat,
708 1957 908 2025 clamitabat
925 1968 1048 2039 tamen,
1077 1965 1090 2005 ⁵

71 2059 266 2148 pudendum
294 2063 393 2148 ipsis,
423 2061 512 2148 quod
536 2059 793 2129 Germaniarum
815 2064 963 2127 victores
992 2059 1051 2124 ad·

72 2189 207 2233 versum
242 2164 361 2231 Gallos
399 2177 571 2253 tamquam
604 2169 639 2232 in
673 2165 804 2232 bostem
839 2165 1050 2231 ducerentur.

67 2266 147 2336 ‘una
183 2292 290 2357 nuper
323 2271 442 2337 cohors
475 2270 634 2337 rebellem
667 2270 852 2352 Turonum,
893 2291 959 2333 una
994 2265 1050 2331 ala

72 2373 271 2457 Treverum,
299 2396 429 2460 paucae
458 2375 556 2440 buius
587 2375 692 2461 ipsius
723 2373 892 2438 exercitus
921 2380 1050 2435 turmae

71 2479 295 2563 profligavere
329 2477 512 2566 Sequanos.
558 2488 683 2566 quanto
713 2478 858 2563 pecunia
894 2473 981 2539 dites
1016 2483 1050 2538 et
1078 2485 1102 2524 1⁰

71 2580 303 2667 voluptatibus
332 2581 523 2668 opulentos,
547 2592 642 2648 tanto
675 2582 785 2664 magis
815 2575 955 2643 inbelles
985 2575 1050 2640 Ae-

73 2683 154 2750 duos
180 2686 326 2751 evincite
350 2695 383 2751 et
406 2685 612 2770 fugientibus
637 2682 824 2751 consulite!
860 2682 980 2765 ingens
1005 2679 1050 2744 ad

72 2809 111 2851 ea
135 2786 278 2872 clamor,
303 2799 336 2855 et
359 2788 574 2855 circumfudit
598 2799 695 2872 terga
719 2807 819 2873 eques
842 2785 1050 2869 frontemque

71 2891 204 2976 pedites
228 2894 393 2976 invasere,
415 2915 479 2958 nec
503 2900 699 2958 cunctatum
713 2888 804 2976 apud
826 2887 945 2954 latera.
968 2909 1048 2973 pau-

72 2993 140 3060 lum
163 3017 277 3061 morae
300 2994 445 3062 attulere
479 2995 614 3080 ferrati,
647 2992 856 3060 restantibus
878 2991 1048 3056 lamminis
1077 3005 1102 3044 ¹⁵

72 3098 253 3165 adversum
274 3099 345 3187 pila
369 3110 402 3164 et
425 3099 575 3183 gladios,
604 3098 664 3164 sed
692 3096 789 3163 miles
813 3096 976 3180 correptis
1000 3116 1049 3158 so-

73 3202 209 3268 curibus
244 3213 277 3268 et
312 3201 479 3287 dolabris,
513 3212 550 3267 ut
584 3204 613 3266 si
648 3223 779 3266 murum
811 3205 1049 3285 perrumperet,

73 3304 217 3371 caedere
239 3307 387 3390 tegmina
411 3317 445 3372 ot
468 3326 626 3392 corpora3
655 3303 791 3391 quidam
814 3299 967 3367 trudibus
990 3309 1049 3365 aut

72 3410 175 3475 furcis
191 3410 333 3475 inertem
347 3409 468 3476 molem
482 3421 704 3497 prosternere,
728 3410 941 3491 iacentesque
956 3400 1048 3467 nullo

73 3512 118 3577 ad
146 3513 387 3597 resurgendum
415 3515 493 3579 nisu
520 3515 619 3600 quasi
653 3513 825 3578 exanimes
853 3506 1049 3592 linqueban-
1077 3524 1103 3564 2⁰

74 3626 138 3681 tur.
162 3613 320 3683 Sacrovir
341 3619 447 3704 primo
464 3615 754 3701 Augustodunum,
779 3613 856 3679 dein
878 3617 970 3674 metu
995 3608 1050 3674 de·
