2500 4084
219 289 279 353 194
537 289 711 350 computu
730 289 851 344 TAcffl
909 301 926 344 f

603 388 615 416 ἃ

214 519 390 585 prensare,
423 496 599 569 detrahere
628 504 661 562 et
685 495 865 564 adversum
888 497 1094 563 resistentis
1105 519 1198 562 com·

215 603 324 668 minus
347 602 422 669 niti.
457 572 565 666 lmiles
590 609 709 665 contra
734 597 915 666 deturbare
944 600 1042 684 telis,
1070 600 1200 687 pellere

216 677 426 786 umbonibus,
450 702 603 770 muralia
616 702 697 789 pila,
721 713 901 788 congestas
919 703 1070 822 lapidum
1090 702 1199 769 moles

215 807 424 896 provolvere.
448 807 500 872 his
516 816 635 894 partae
650 807 816 872 victoriae
840 829 915 894 spes
939 815 983 891 et,
1007 808 1037 872 si
1058 807 1198 889 cedant,

167 945 191 984 10
219 912 413 996 insignitius
442 911 625 994 flagitium,
660 909 728 975 illis
758 920 911 977 extrema
940 913 1009 976 iam
1044 911 1133 977 salus
1166 919 1200 974 et

218 1015 423 1082 adsistentes
440 1012 608 1100 plerisque
630 1021 755 1080 matres
779 1023 812 1078 et
829 1015 989 1098 coniuges
1015 1036 1197 1099 earumque

217 1119 366 1184 lamenta
390 1117 521 1183 addunt
549 1118 689 1182 animos.
734 1137 803 1181 nox
832 1115 909 1181 aliis
940 1119 975 1181 in
1006 1117 1198 1198 audaciam,

219 1223 297 1288 aliis
322 1220 367 1286 ad
390 1221 603 1287 formidinem
627 1229 829 1306 opportuna3
853 1222 977 1286 incerti
1001 1222 1102 1305 ictus,
1126 1219 1196 1286 vul-

220 1349 302 1392 nera
326 1327 515 1411 inprovisa3
544 1347 679 1391 suorum
708 1335 810 1412 atque
843 1325 991 1392 hostium
1026 1326 1197 1411 ignoratio

170 1462 195 1504 m
221 1441 254 1495 et
277 1431 400 1496 montis
418 1430 573 1494 anfractu
589 1450 807 1516 repercussae
825 1428 917 1495 velut
940 1453 961 1494 a
985 1440 1083 1514 tergo
1099 1450 1197 1495 voces

220 1534 304 1600 adeo
328 1543 452 1599 cuncta
478 1535 703 1617 miscuerant,
731 1542 768 1598 ut
797 1532 963 1619 quaedam
991 1534 1198 1604 munimenta

219 1639 362 1704 Romani
390 1638 486 1723 quasi
520 1646 680 1722 perrupta
715 1638 899 1702 omiserint.
944 1659 1053 1723 neque
1087 1645 1197 1702 tamen

220 1763 401 1827 pervasere
434 1740 548 1805 hostes
582 1741 649 1804 nisi
691 1739 871 1806 admodum
903 1743 1019 1826 pauci:
1058 1751 1198 1818 ceteros,

222 1845 353 1911 deiecto
377 1844 624 1930 promptissimo
641 1864 771 1928 quoque
794 1854 853 1909 aut
870 1845 994 1926 saucio,
1018 1843 1199 1929 adpetente

171 1981 197 2022 20
225 1950 292 2012 iam
314 1946 390 2012 luce
412 1955 542 2012 trusere
566 1947 600 2010 in
631 1967 759 2010 summa
788 1945 937 2029 castelli,
971 1945 1030 2012 ubi
1061 1947 1239 2023 tandem

222 2061 344 2117 coacta
369 2048 506 2115 deditio
552 2059 585 2114 et
607 2050 762 2135 proxima
791 2059 910 2135 sponte
940 2049 1130 2115 incolarum
1153 2071 1199 2113 re·
1238 2001 1239 2118 l

222 2163 340 2240 cept:a
363 2153 517 2238 reliquis,
542 2173 605 2236 quo
628 2153 738 2217 minus
761 2153 796 2216 vi
825 2160 883 2217 aut
907 2151 1042 2218 obsidio
1068 2153 1201 2238 subige·
1238 2119 1239 2220 l

223 2268 355 2340 rentur,
378 2266 593 2344 praematura
615 2257 739 2321 montis
763 2255 942 2320 Haemiet
929 2265 1072 2321 tsaeva
1096 2255 1201 2321 hiems
1238 2231 1239 2342 l

224 2361 390 2428 subveni.
1238 2337 1239 2408 l

233 2519 235 2526 ,
326 2464 377 2529 52.
401 2463 446 2529 At
470 2464 596 2529 Romae
625 2471 790 2528 commota
819 2463 983 2548 principis
1014 2463 1133 2546 domo,
1168 2471 1239 2532 ut
1238 2417 1239 2491 l

226 2569 328 2634 series
345 2566 472 2632 futuri
464 2589 498 2632 ιιι
513 2565 737 2652 Agrippinam
753 2566 850 2629 exitii
866 2565 1040 2650 inciperet,
1056 2564 1202 2632 Claudia

224 2669 369 2737 Pulchra
385 2669 522 2735 sobrina
546 2670 616 2734 eius
640 2667 831 2753 postulatur
853 2679 1036 2735 accusante
1051 2669 1201 2736 Domitio
1238 2641 1239 2736 l

225 2774 318 2840 Afro.
358 2775 386 2838 is
409 2795 526 2839 recens
549 2780 724 2857 praetura,
758 2770 910 2836 modicus
935 2771 1148 2856 dignationis
1173 2783 1203 2837 ct

186 2922 200 2962 5
227 2899 357 2964 quoquo
381 2877 530 2942 facinore
552 2896 713 2961 properus
737 2873 935 2956 clarescere,
959 2877 1087 2940 crimen
1112 2879 1239 2963 inpu
1238 2859 1239 2866 ἵ

228 2981 322 3046 dicit
298 2991 382 3064 trae,
417 2978 608 3045 adulterum
635 2977 815 3061 Furnium,
849 2977 1052 3042 veneficia
1043 3001 1077 3043 ιιι
1113 2983 1239 3065 prin

226 3086 334 3170 cipem
357 3093 390 3149 et
414 3082 610 3148 devotiones
634 3078 838 3147 obiectabat
861 3079 1049 3168 Agrippina
1074 3103 1204 3169 semper
1238 3135 1239 3144 ,

227 3198 337 3272 atrox,
360 3197 431 3252 tum
454 3195 487 3252 et
509 3183 658 3272 periculo
681 3185 887 3271 propinquae
911 3206 1068 3268 accensa,
1091 3188 1203 3271 pergit
1238 3235 1239 3248 ,

228 3290 273 3356 ad
288 3290 460 3356 Tiberium
482 3312 522 3355 ac
545 3289 630 3354 forte
660 3288 908 3354 sacrificantem
930 3289 1021 3374 patri
1043 3291 1201 3375 repperit.

177 3434 203 3475 10
229 3415 293 3482 quo
309 3394 405 3458 initio
429 3390 578 3456 invidiae
603 3412 670 3456 non
698 3391 848 3456 eiusdem
874 3393 924 3457 ait
951 3401 1104 3458 mactare
1128 3392 1203 3459 divo

233 3495 387 3578 Augusto
411 3496 567 3566 victimas
591 3504 625 3560 et
646 3501 797 3580 posteros
828 3495 900 3561 eius
931 3496 1103 3560 insectari.
1137 3518 1203 3562 non
1238 3491 1239 3502 ’

233 3597 268 3662 iu
309 3595 437 3680 effigies
472 3605 583 3661 mutas
620 3594 774 3665 divinum,
800 3599 954 3682 spiritum
983 3599 1203 3665 transfusum:
