2552 4084
235 289 277 354 96
564 287 737 339 CORNELII
755 285 877 338 TACI'I'I

234 482 337 569 perti,
374 502 456 568 quos
486 482 538 546 ius
561 480 770 563 commercii,
805 478 883 545 dein
917 477 1040 566 cupido
1065 474 1223 559 augendi

234 585 421 672 pecuniam,
444 595 612 672 postremo
636 583 761 651 oblivio
790 585 925 670 patriae
954 584 1023 649 suis
1052 601 1222 667 quemque

236 688 280 755 ab
304 687 440 754 sedibus
463 687 621 754 hostilem
644 687 680 753 in
704 707 823 772 agrum
846 685 1080 753 transtulerat.

338 789 389 856 63.
424 790 633 858 Maroboduo
656 791 816 878 'undique
850 790 983 857 deserto
1018 811 1085 855 non
1121 787 1222 856 aliud

235 895 424 962 subsidium
445 917 546 982 quam
568 894 802 963 misericordia
825 893 984 960 Caesaris
1006 893 1080 959 fuit.
1104 903 1220 960 trans-

235 1021 371 1084 gressus
394 999 598 1081 Danuvium,
623 1021 688 1086 qua
703 999 862 1065 Noricam
884 998 1095 1084 provinciam
1117 1019 1219 1083 prae-

232 1103 316 1188 fluit,
341 1104 477 1190 scripsit
494 1103 630 1168 Tiberio
655 1125 723 1168 non
745 1113 783 1169 ut
797 1102 961 1188 profugus
985 1110 1044 1166 aut
1060 1100 1217 1187 supplex,

195 1217 209 1259 ⁶
236 1205 295 1272 sed
324 1229 366 1273 ex
389 1207 550 1272 memoria
572 1207 693 1293 prioris
716 1205 889 1273 fortunae:
912 1227 992 1272 nam
1014 1204 1133 1270 multis
1156 1226 1217 1269 na·

234 1309 381 1376 tionibus
406 1310 630 1378 clarissimum
646 1309 815 1396 quondam
830 1331 944 1395 regem
967 1309 1013 1375 ad
1036 1331 1072 1375 se
1087 1329 1216 1374 vocan-

233 1413 325 1480 tibus
347 1415 533 1480 Romanam
556 1415 742 1481 amicitiam
769 1415 981 1502 praetulisse.
1015 1433 1217 1500 responsum

234 1540 255 1583 a
278 1515 424 1584 Caesare
447 1528 556 1584 tutam
579 1520 609 1584 ei
633 1519 898 1604 honoratamque
921 1518 1035 1584 sedem
1056 1519 1092 1582 in
1107 1515 1216 1582 Italia

233 1621 319 1704 sore,
343 1622 372 1686 si
394 1632 563 1688 maneret:
587 1623 639 1687 sin
662 1621 762 1688 rebus
786 1625 858 1688 eius
880 1621 975 1688 aliud
997 1620 1215 1702 conduceret,

182 1737 207 1778 ¹⁰
234 1724 402 1790 abiturum
423 1725 490 1791 fide
513 1747 579 1812 qna
594 1726 753 1792 venisset.
777 1737 927 1792 ceterum
942 1724 1034 1813 apud
1056 1733 1215 1790 senatum

234 1827 393 1894 disseruit
407 1851 475 1894 non
489 1828 679 1917 Philippum
694 1829 969 1913 Atheniensibus,
986 1851 1053 1895 non
1068 1829 1215 1914 Pyrrum
1267 1873 1268 1896 2

232 1940 290 1997 aut
307 1931 513 1998 Antiochum
534 1933 657 2020 populo
673 1934 824 2000 Romano
847 1933 988 2021 perinde
1012 1932 1214 2000 metuendos

232 2035 344 2101 fuisse.
369 2046 483 2102 exstat
508 2038 633 2121 oratio,
662 2060 728 2125 qua
750 2037 1020 2123 magnitudinem
1041 2038 1116 2121 viri,
1141 2038 1213 2102 vio-

232 2137 371 2206 lentiam
400 2141 627 2206 subiectarum
656 2143 687 2206 ei
710 2143 861 2225 gentium
891 2151 925 2209 et
947 2163 1047 2228 qnam
1075 2142 1212 2228 propin·

181 2255 206 2296 1⁶
233 2262 317 2327 quus
339 2242 463 2310 Italiae
486 2243 609 2327 hostis,
634 2266 760 2330 suaque
783 2246 818 2311 in
841 2244 1045 2336 destruendo
1069 2266 1107 2310 eo
1132 2266 1212 2311 con·
1266 2251 1267 2310 ἶ

232 2345 310 2412 silia
343 2347 475 2413 extulit.
522 2356 556 2414 et
591 2347 819 2415 Maroboduus
854 2348 988 2435 quidem
1024 2349 1212 2415 Ravennae

231 2448 384 2533 habitus,
409 2450 594 2538 siquando
618 2450 859 2519 insolescerent
884 2450 1001 2534 Suebi,
1032 2453 1131 2538 quasi
1161 2475 1212 2518 re-

232 2553 362 2620 diturus
385 2554 421 2619 in
445 2575 586 2638 regnum
609 2554 861 2623 ostentabatur:
885 2554 1036 2621 sednon
1060 2557 1212 2622 excessit

230 2656 333 2723 Italia
355 2679 415 2744 per
430 2657 666 2742 duodeviginti
682 2680 788 2725 annos
804 2660 1046 2746 consenuitque
1067 2658 1210 2726 multum

179 2773 205 2814 ¹⁰
232 2760 407 2827 imminuta
430 2760 589 2827 claritate
612 2761 655 2828 ob
677 2763 815 2847 nimiam
837 2761 975 2828 vivendi
1004 2763 1208 2849 cupidinem.

230 2861 320 2928 idem
335 2861 526 2930 Catualdae
549 2887 649 2932 casus
666 2887 773 2951 neque
796 2865 889 2932 aliud
911 2866 1112 2952 perfugium.
1135 2865 1209 2954 pul·

232 2988 288 3032 sus
321 2967 414 3034 haud
446 2967 550 3034 multo
578 2978 656 3055 post
685 2969 997 3036 Hermundurorum
1025 2970 1147 3056 opibus
1177 2981 1209 3037 et

229 3067 357 3135 Vibilio
388 3068 473 3136 duce
503 3082 724 3158 receptusque
752 3071 879 3138 Forum
906 3072 1047 3157 Iulium,
1076 3074 1209 3142 Narbo·

229 3174 343 3239 nensis
368 3171 503 3240 Galliae
526 3175 703 3260 coloniam,
726 3177 882 3242 mittitur.
918 3176 1058 3243 barbari
1081 3187 1208 3246 utrum·
1264 3211 1265 3238 i

178 3293 204 3334 rs
231 3298 294 3362 que
317 3278 479 3362 comitati,
509 3281 708 3366 requietas
739 3281 932 3366 provincias
962 3281 1110 3346 immixti
1139 3291 1208 3348 tur·
1264 3247 1265 3301 l

229 3379 366 3466 barent,
393 3380 588 3449 Danuvium
615 3383 706 3450 ultra
735 3384 824 3449 inter
846 3384 989 3450 -flumina
1010 3383 1147 3452 Marum
1174 3395 1207 3450 et

229 3481 354 3550 Cusum
386 3483 558 3571 locantur,
588 3485 667 3552 dato
696 3507 776 3570 rege
804 3486 939 3553 Vannio
974 3489 1086 3571 gentis
1117 3487 1205 3570 Qua·

230 3585 357 3652 dorum.
