2534 4084
232 291 384 359 XXVIII
602 289 838 342 ARGUMENTA.

230 490 402 546 certamen
436 481 470 544 in
493 478 634 546 senatu.
668 516 711 526 —
744 477 794 543 36.
820 480 929 545 Asinii
964 480 1134 545 sententia
1173 479 1216 544 de

230 587 490 669 magistratuum
512 585 656 650 comitiis
680 583 847 649 habendis
871 606 891 648 a
915 582 1050 649 Tiberio
1067 585 1212 650 reiecta.

232 727 269 738 -
295 678 347 754 37.
369 687 505 754 Hortali
527 687 754 754 levamentum
777 688 909 773 inopiae
933 708 1014 752 suae
1037 689 1215 773 poscentis

230 793 349 859 oratic.
374 827 415 837 -
438 790 490 855 38.
513 790 668 856 Tiberius
693 814 813 878 aspere
835 793 869 858 in
893 791 1074 855 Hortalum
1096 792 1216 856 invec-

229 906 284 962 tus
307 895 423 961 liberis
448 896 518 960 eius
544 895 674 961 ducena
699 897 857 961 sestertia
882 893 951 977 dat,
983 893 1042 959 sed
1064 893 1214 980 posthac

230 1000 363 1066 domum
386 1001 457 1068 eius
481 997 527 1064 ad
550 997 685 1064 foedam
707 1007 943 1084 paupertatem
978 997 1090 1064 delabi
1120 1001 1214 1084 pati·

229 1113 294 1170 tur.
318 1139 359 1150 -
374 1101 426 1166 39.
443 1100 625 1168 Clementis
642 1103 731 1168 servi
747 1102 863 1168 audax
879 1102 1021 1167 facinus.
1046 1103 1074 1165 is
1089 1101 1214 1167 Postu-

229 1229 319 1273 mum
347 1205 533 1294 Agrippam
562 1227 598 1270 se
628 1227 702 1271 esse
731 1207 889 1270 mentitus
917 1205 1065 1290 principi
1093 1227 1216 1270 curam

229 1311 335 1376 inicit.
365 1344 407 1356 -
429 1307 482 1374 40.
512 1307 572 1374 sed
596 1307 751 1374 Sallustii
775 1307 885 1394 Crispi
918 1308 994 1373 dolo
1024 1318 1144 1395 captus
1177 1310 1214 1373 in

227 1412 359 1479 Palatio
405 1413 614 1478 interficitur.
658 1449 700 1458 -
742 1411 794 1477 41.
832 1413 959 1477 Romae
1005 1410 1216 1478 dedicantur

228 1539 316 1583 nova
341 1538 359 1581 o
385 1539 452 1582 era.

329 1538 486 1668 Pibximo
511 1623 599 1667 anno
624 1601 808 1688 triumphat
826 1599 1060 1668 Germanicus.
1086 1635 1128 1648 -
1152 1602 1211 1667 42.

232 1705 421 1773 Archelaus
461 1729 523 1772 rex
560 1703 799 1792 Cappadociae
835 1707 870 1771 in
914 1705 1030 1771 urbem
1075 1706 1213 1771 accitus

226 1813 324 1897 perit.
351 1847 387 1855 —
413 1808 466 1875 43.
490 1809 613 1876 Oriens
638 1809 792 1875 turbatus
820 1811 1040 1875 committitur
1067 1805 1214 1876 Germa-

225 1916 312 1997 nico,
337 1912 437 1979 Suria
459 1913 585 1978 Pisoni.
620 1913 691 1979 eius
720 1912 857 1978 ferocia.
889 1911 1017 1979 discors
1051 1912 1141 1978 aula.
1166 1949 1212 1960 —

225 2014 276 2081 44.
321 2017 453 2082 Drusus
477 2017 513 2081 in
535 2015 710 2102 Illyricum
731 2016 874 2098 missus,
898 2013 1017 2081 Suebis
1041 2014 1212 2083 auxilium

226 2121 389 2188 adversus
413 2117 602 2186 Cheruscos
627 2119 812 2185 orantibus.
836 2155 877 2166 -
906 2118 958 2184 45.
983 2121 1031 2184 ita
1055 2120 1145 2184 inter
1169 2143 1210 2184 se

224 2223 397 2290 discordes
422 2221 582 2290 Germani
618 2225 844 2308 accinguntur
878 2222 924 2288 ad
945 2243 1104 2309 pugnam.
1139 2221 1209 2289 Ar-

224 2330 318 2394 minii
334 2327 380 2394 ad
396 2349 473 2393 suos
497 2329 616 2393 oratio.
640 2365 681 2372 —
696 2327 748 2392 46.
772 2329 852 2392 item
867 2325 1079 2392 Marobodui.
1103 2335 1211 2392 atrox

223 2430 396 2518 proelium.
413 2431 640 2498 Maroboduus
656 2453 715 2518 pro
727 2433 829 2496 victo.
845 2468 887 2478 —
903 2429 955 2496 47.
971 2439 1208 2497 terraemotus

225 2537 260 2600 in
287 2534 383 2601 Asia.
422 2557 459 2600 eo
489 2533 634 2600 afflictas
663 2532 764 2600 urbes
794 2533 950 2600 sublevat
972 2533 1139 2601 Tiberius.
1164 2571 1208 2584 —

223 2639 274 2702 48.
310 2640 345 2703 in
381 2637 465 2704 alios
495 2661 562 2703 non
591 2640 700 2704 minus
731 2636 907 2703 liberalem
930 2661 965 2702 se
987 2637 1138 2724 praebet.
1162 2675 1208 2685 —-

225 2739 277 2804 49.
301 2739 425 2827 templa
442 2740 607 2828 quaedam
636 2740 805 2807 dedicata.
828 2776 870 2786 —
886 2739 937 2805 50.
953 2738 1085 2806 Varilla
1101 2745 1207 2808 maie·

225 2845 325 2910 statis
348 2843 532 2930 postulata.
556 2881 598 2890 -
625 2843 678 2909 51.
710 2843 751 2909 de
779 2854 935 2929 praetore
965 2845 1206 2912 substituendo

222 2949 404 3014 contentio.
419 2983 461 2994 ·-
479 2947 531 3012 52.
548 2947 801 3014 Tacfarinatem
818 2957 851 3012 et
870 2947 1062 3035 Mazippam
1076 2947 1205 3015 bellum

223 3053 258 3116 in
280 3051 399 3117 Africa
428 3061 600 3118 moventes
630 3049 740 3118 fundit
764 3050 938 3118 Camillus.
982 3052 1204 3139 triumphalia

223 3157 254 3220 ei
278 3154 425 3220 decreta.
698 3157 700 3164 ’

322 3257 373 3322 53.
391 3256 586 3330 Germanici
601 3260 698 3325 varia
716 3260 849 3324 itinera.
867 3295 907 3305 -—
922 3257 974 3324 54.
998 3259 1147 3327 consulit
1164 3263 1199 3326 in

224 3363 335 3428 reditu
352 3385 395 3427 cx
411 3363 560 3429 Thracia
578 3361 728 3429 Clarium
743 3361 945 3449 Apollinem.
972 3366 1043 3430 eius
1067 3363 1198 3429 oraculi

219 3468 319 3532 ratio.
341 3502 371 3512 —
397 3463 449 3530 55.
465 3466 543 3532 Piso
560 3476 594 3532 ot
609 3488 694 3531 uxor
709 3465 874 3532 Plancina
891 3465 1132 3533 Germanicum
1149 3469 1198 3532 in-

219 3578 408 3654 sectantur;
426 3570 527 3634 ctiam
545 3579 660 3635 castra
676 3580 904 3656 corrumpunt.
928 3607 969 3616 -
986 3568 1037 3635 56.
1055 3568 1194 3637 Germa·
