2500 4084
219 317 282 382 200
549 319 722 371 conusnu
739 319 860 370 mmm

166 525 191 565 2⁰
216 511 379 596 properis,
402 509 639 575 exstimulatur
661 519 698 575 ut
719 519 866 576 erectum
890 519 922 574 et
944 509 1109 574 fidentem
1132 508 1196 572 ani-

217 633 306 678 mum
329 612 538 678 ostenderet:
561 612 649 679 velle
672 612 708 677 id
733 612 891 699 populum
914 612 1124 694 Romanum,
1148 631 1197 674 eu-

216 738 295 802 pere
325 717 509 800 exereitus,
543 737 651 803 neque
685 738 844 782 ausurum
877 726 997 781 contra
1027 713 1197 795 Seianum,

217 822 273 904 qui
306 841 396 884 nunc
429 822 632 906 patientiam
663 822 751 886 senis
781 830 814 886 et
850 819 1030 904 segnitiam
1066 817 1198 884 iuvenis

217 926 313 989 iuxta
337 923 486 990 insultet.

319 1025 371 1092 60.
394 1026 489 1092 Haec
520 1037 621 1114 atque
650 1026 734 1092 talia
765 1026 916 1092 audienti
946 1025 1030 1091 nihil
1062 1023 1197 1111 quidem

214 1151 340 1214 pravae
365 1130 601 1214 cogitationis,
632 1131 691 1196 sed
714 1131 884 1197 interdum
906 1151 1006 1195 voces
1034 1127 1196 1214 procede-

216 1233 298 1299 bant
322 1243 538 1300 contumaces
563 1242 596 1299 et
613 1234 835 1317 inconsultae,
859 1256 943 1320 quas
967 1233 1119 1318 adpositi
1143 1252 1195 1294 cu-

214 1336 328 1402 stodes
363 1347 525 1425 exceptas
560 1349 745 1424 auctasque
777 1361 852 1405 cum
887 1338 1058 1403 deferrent
1086 1357 1195 1421 neque

175 1471 187 1510 s
213 1439 337 1504 Neroni
362 1441 541 1507 defendere
567 1441 720 1526 daretur,
750 1442 905 1507 diversae
934 1443 1073 1528 insuper
1105 1440 1192 1507 solli-

214 1543 402 1610 citudinum
424 1545 551 1611 formae
575 1545 780 1612 oriebantur.
803 1568 882 1610 nam
905 1542 992 1610 alius
1017 1565 1191 1611 occursum

215 1648 285 1711 eius
319 1649 446 1732 vitare,
481 1648 618 1734 quidam
659 1648 865 1715 salutatione
904 1648 1040 1714 reddita
1078 1648 1191 1714 statim

214 1752 338 1834 averti,
372 1750 523 1838 plerique
541 1773 542 1782 ¹
557 1755 727 1839 inceptum
762 1774 948 1818 sermonem
982 1751 1192 1838 abrumpere,

213 1854 449 1921 insistentibus
484 1865 602 1923 contra
641 1855 936 1943 inridentibusque
974 1856 1031 1943 qui
1069 1853 1190 1920 Seiano

162 1986 187 2024 m
213 1955 362 2022 fautores
397 1958 551 2025 aderant.
597 1961 765 2024 enimvero
795 1959 949 2026 Tiberius
985 1968 1099 2024 torvus
1136 1964 1190 2022 aut

212 2061 334 2128 falsum
357 2062 513 2128 renidens
541 2062 653 2130 vultu:
683 2084 743 2129 seu
765 2063 958 2149 loqueretur
981 2085 1041 2129 seu
1063 2069 1191 2128 taceret

213 2168 353 2250 iuvenis,
377 2169 502 2232 crimen
520 2189 562 2231 ex
580 2166 724 2251 silentio,
741 2190 784 2232 ex
799 2188 891 2233 voce.
914 2190 957 2232 ne
972 2189 1042 2232 nox
1058 2165 1190 2254 quidem

211 2291 341 2355 secura,
358 2292 434 2336 cum
449 2292 534 2335 uxor
552 2270 689 2354 vigilias
707 2292 839 2338 somnos
857 2271 1002 2356 suspiria
1018 2272 1120 2336 matri
1137 2270 1189 2334 Li-

211 2374 288 2439 viae
303 2383 404 2460 atque
416 2373 476 2439 illa
489 2372 611 2439 Seiano
628 2374 854 2460 patefacerem
882 2376 937 2460 qui
954 2375 1095 2440 fratrem
1113 2395 1189 2460 quo·

159 2505 184 2542 rs
213 2500 276 2563 que
290 2477 434 2543 Neronis
460 2477 609 2543 Drusum
639 2479 746 2544 traxit
772 2480 806 2542 in
833 2487 959 2564 partes,
983 2498 1041 2564 spe
1058 2477 1188 2543 obieeta

210 2582 371 2668 principis
388 2581 464 2665 loci,
489 2583 516 2645 si
539 2583 683 2667 priorem
707 2590 820 2646 aetate
844 2590 877 2646 ct
894 2583 961 2647 iam
983 2579 1187 2647 labefactum

212 2685 423 2750 demovisset.
448 2694 547 2750 atrox
562 2684 666 2749 Drusi
689 2687 861 2770 ingenium
878 2707 977 2772 super
997 2686 1188 2771 cupidinem

209 2791 381 2874 potentiae
405 2798 437 2854 et
462 2787 562 2854 solita
578 2789 741 2855 fratribus
764 2789 842 2855 odia
866 2787 1122 2856 accendebatur
1145 2792 1188 2854 in-

210 2891 315 2977 vidia,
353 2892 442 2980 quod
481 2901 590 2958 mater
622 2891 811 2980 Agrippina
844 2894 1029 2980 promptior
1062 2893 1186 2959 Neroni

158 3023 184 3062 ao
211 3006 293 3062 erat.
316 3016 424 3081 neque
446 3004 561 3061 tamen
577 2994 719 3062 Seianus
744 2997 793 3062 ita
808 2995 956 3062 Drusum
979 2995 1136 3079 fovebat,
1154 3005 1187 3060 ut

209 3121 276 3164 non
300 3101 333 3164 in
357 3121 431 3164 eum
454 3120 584 3186 quoque
609 3101 736 3165 semina
758 3099 861 3164 futuri
886 3099 983 3164 exitii
1005 3099 1187 3166 meditare·

109 3263 111 3266 .
209 3213 279 3286 tur,
313 3223 438 3287 gnarus
461 3204 691 3290 praeferocem
715 3212 749 3268 et
778 3202 913 3269 insidiis
937 3203 1046 3286 magis
1073 3224 1187 3290 oppor-

209 3317 335 3372 tunum.

312 3406 364 3472 61.
386 3409 472 3472 Fine
496 3410 576 3474 anni
592 3430 771 3474 excessere
793 3409 946 3492 insignes
968 3406 1033 3474 viri
1050 3408 1184 3476 Asinius

210 3509 380 3595 Agrippa,
413 3509 516 3576 claris
544 3511 728 3577 maioribus
759 3533 859 3598 quam
882 3513 1026 3577 vetustis
1050 3514 1184 3600 vitaque

210 3631 278 3673 non
302 3609 463 3694 degener,
499 3621 532 3676 et
562 3613 601 3694 Q.
625 3613 803 3698 Haterius,
837 3614 968 3682 familia
1002 3618 1181 3698 senatoria,
