2534 4084
227 287 266 351 16
553 289 725 339 oosnnnn
744 290 866 342 moni

224 487 295 542 tam
323 499 411 542 nova
444 479 623 563 petivisse,
647 488 679 544 et
712 499 831 564 parum
865 481 899 546 in
933 489 1083 566 tempore
1125 482 1234 546 inei-

223 581 347 665 pientis
369 583 532 667 principis
556 603 654 648 curas
678 584 822 648 onerari.
847 585 875 649 si
890 592 1005 648 tamen
1019 583 1234 650 tenderent

224 684 258 751 in
281 705 365 769 pace
388 693 554 770 temptare
578 706 730 771 quaene
753 687 904 752 civilium
933 685 1066 773 quidem
1096 687 1230 754 bello-

172 805 197 842 10
223 809 297 852 rum
319 789 467 852 victores
491 787 791 874 expostulaverint,
827 810 889 856 our
921 801 1041 856 contra
1073 813 1229 860 morem

224 891 385 976 obsequii,
415 901 536 956 contra
565 892 617 956 fas
643 892 843 979 disciplinae
872 895 941 958 vim
969 894 1227 961 meditentur?

224 995 442 1061 decernerent
463 995 595 1080 legatos
620 1018 721 1082 seque
744 1019 856 1061 coram
878 997 1040 1062 mandata
1065 997 1223 1065 darent.

224 1097 460 1164 adclamavere
492 1108 530 1164 ut
563 1098 653 1164 filius
687 1099 802 1165 Blaesi
836 1099 994 1165 tribunus
1027 1101 1221 1184 legatione

223 1222 263 1265 ea
286 1201 483 1285 fungeretur
509 1211 708 1289 peteretque
735 1201 899 1268 militibus
929 1204 1127 1270 missionem
1157 1209 1219 1273 ab

171 1320 196 1359 1⁵
222 1304 368 1370 sedecim
392 1308 506 1372 annis:
528 1315 644 1372 cetera
659 1306 890 1390 mandaturos,
912 1305 971 1372 ubi
987 1305 1098 1393 'prima
1124 1331 1218 1394 pro-

222 1409 405 1473 venissent.
439 1409 589 1494 profecto
624 1411 745 1474 iuvene
778 1409 946 1475 modicum
981 1413 1101 1476 otium:
1140 1415 1217 1480 sed

223 1510 397 1596 superbire
418 1511 526 1596 miles,
549 1512 639 1598 qnod
660 1512 749 1578 filius
772 1512 878 1597 legati
903 1522 1016 1578 orator
1037 1513 1214 1600 publicae

222 1636 347 1679 causac
371 1617 458 1680 satis
479 1615 672 1682 ostenderet
694 1617 900 1682 necessitate
924 1639 1086 1703 expressa
1108 1640 1213 1704 quae

221 1739 282 1803 per
302 1718 504 1783 modestiam
526 1741 594 1784 non
617 1718 854 1786 obtinuissent.

324 1820 375 1886 20.
397 1821 532 1888 Interea
548 1823 709 1908 manipuli
733 1833 812 1889 ante
827 1833 982 1910 coeptam
998 1825 1209 1893 seditionem

221 1925 430 2011 Nauportum
463 1927 558 1991 missi
587 1926 630 1992 ob
663 1928 787 1993 itinera
822 1935 855 1992 et
889 1938 1009 2014 pontes
1043 1937 1075 1994 et
1109 1927 1206 1996 alios

221 2050 318 2110 usus,
356 2038 535 2115 postquam
571 2029 745 2094 turbatum
787 2032 823 2094 in
860 2033 983 2097 castris
1022 2053 1204 2118 accepere,

221 2131 348 2197 vexilla
360 2131 552 2196 convellunt
566 2131 771 2218 direptisque
783 2135 944 2218 proximis
960 2135 1045 2198 vicis
1058 2136 1204 2221 ipsoque

182 2251 193 2288 ⁵
221 2235 410 2320 Nauporto,
439 2234 528 2320 quod
555 2237 729 2322 municipii
757 2239 867 2302 instar
898 2246 982 2319 erat,
1016 2239 1201 2305 retinentis

221 2338 436 2403 centuriones
459 2339 567 2404 inrisu
597 2348 629 2404 et
662 2339 886 2423 contumeliis,
919 2349 1088 2426 postremo
1121 2363 1201 2407 ver-

220 2441 357 2508 beribus
370 2441 589 2527 insectantur,
600 2445 782 2530 praecipua
799 2444 833 2508 in
849 2443 1063 2510 Aufidienum
1073 2443 1200 2511 Rufum

220 2545 427 2632 praefectum
443 2555 631 2612 castrorum
646 2548 708 2631 ira,
732 2569 829 2633 quem
846 2545 1021 2633 dereptum
1039 2547 1196 2613 vehiculo

222 2650 364 2714 sarcinis
389 2659 533 2733 gravant
557 2660 729 2737 aguntque
749 2652 857 2736 primo
888 2653 923 2716 in
957 2652 1102 2735 agmine,
1134 2673 1197 2737 per

169 2767 194 2805 1⁰
220 2752 403 2819 ludibrium
425 2756 614 2837 rogitantes
639 2764 777 2819 antam
800 2757 963 2819 immensa
987 2776 1100 2838 onera,
1123 2764 1194 2820 tam

220 2857 324 2940 longa
356 2857 479 2922 itinera
513 2856 658 2923 libenter
691 2859 804 2924 ferret.
841 2860 962 2944 quippe
992 2858 1098 2923 Rufus
1135 2858 1192 2923 din

220 2959 452 3045 manipularis,
473 2959 550 3027 dein
566 2963 728 3045 centurio,
751 2985 830 3028 mox
845 2964 967 3027 castris
990 2962 1190 3048 praefectus,

221 3066 395 3151 antiquam
436 3064 619 3152 duramque
657 3067 813 3132 militiam
851 3065 1056 3149 revocabat,
1095 3075 1190 3132 vetus

222 3169 331 3255 operis
354 3189 395 3232 ac
418 3166 544 3234 laboris
569 3178 602 3234 et
626 3191 665 3235 eo
689 3171 849 3254 inmitior,
872 3171 952 3256 quia
973 3168 1189 3235 toleraverat.

322 3271 375 3336 21.
397 3271 527 3336 Horum
549 3271 699 3338 adventu
721 3271 974 3357 redintegratur
997 3272 1129 3357 seditio,
1159 3284 1190 3340 et

220 3376 302 3459 vagi
335 3375 552 3440 circumiecta
584 3373 843 3462 populabantur.
878 3375 1021 3441 Blaesus
1054 3397 1188 3461 pancos,

220 3479 366 3543 maxime
387 3477 515 3564 praeda
553 3488 700 3560 onustos,
734 3477 780 3542 ad
812 3487 974 3545 terrorem
1007 3486 1189 3544 ceterorum

220 3580 320 3646 adfici
336 3579 542 3664 verberibus,
566 3581 680 3647 claudi
696 3602 833 3646 carcere
854 3581 965 3665 inbet3
987 3603 1066 3646 nam
1090 3583 1187 3648 etiarn
