2534 4084
239 303 282 368 ΞΟ
575 302 748 354 CORNELII
767 301 889 352 TAClTI

246 495 416 562 desideria
439 495 610 580 legionum
625 495 782 560 frustrari
799 493 950 559 solitum:
975 491 1115 557 easdem
1134 501 1245 557 artes

238 597 387 664 Drusum
421 598 603 664 rettulisse.
626 619 850 684 numquamne
883 595 929 661 ad
963 618 998 660 se
1030 596 1096 660 nisi
1137 595 1245 660 filios

243 701 448 767 familiarum
470 700 655 766 venturos?
677 722 800 765 novum
823 697 859 764 id
880 697 981 784 plane
1005 697 1093 784 quod
1119 700 1244 784 impe-

243 813 336 870 rator
367 805 439 870 sola
461 803 578 869 militis
612 803 786 869 commoda
821 802 866 868 ad
899 811 1053 868 senatum
1085 803 1244 867 reiciat.

190 930 216 968 ro
243 907 385 972 eundem
415 929 494 992 ergo
519 916 672 972 senatum
688 903 940 987 consulendum,
964 903 1120 990 quotiens
1148 927 1242 990 sup-

244 1009 347 1096 plicia
380 1021 439 1075 aut
472 1010 601 1097 proelia
639 1010 849 1075 indicantur:
887 1031 931 1073 an
964 1009 1117 1094 praemia
1160 1009 1240 1073 sub

248 1114 402 1199 dominis,
426 1136 552 1200 poenas
577 1115 650 1178 sine
672 1113 800 1179 arbitro
825 1111 925 1178 esse?

344 1216 395 1282 27.
418 1217 591 1282 Postremo
616 1216 775 1281 deserunt
792 1212 954 1297 tribunal,
969 1223 1006 1279 ut
1029 1213 1103 1300 quis
1122 1235 1238 1300 prae-

241 1322 451 1386 torianorum
483 1320 627 1385 militum
661 1322 887 1385 amicorumve
911 1315 1069 1382 Caesaris
1100 1338 1237 1384 occur-

237 1434 336 1507 reret,
370 1447 488 1490 manus
522 1425 742 1507 intentantes,
777 1445 915 1488 causam
946 1421 1142 1487 discordiae
1184 1433 1236 1504 et,

241 1529 375 1593 initium
409 1548 594 1609 armorum,
628 1529 774 1593 maxime
808 1527 931 1591 infensi
967 1523 1028 1590 Cn.
1064 1524 1233 1591 Lentulo

203 1644 216 1684 ὅ
244 1631 334 1717 quod
356 1633 385 1696 is
409 1640 489 1696 ante
517 1630 603 1696 alios
629 1639 742 1695 aetate
772 1638 804 1694 ct
837 1628 945 1713 gloria
973 1626 1053 1693 belli
1080 1628 1234 1695 firmare

237 1735 387 1800 Drusum
409 1733 612 1800 credebatur
636 1745 668 1799 et
692 1732 751 1798 illa
773 1732 918 1798 militiae
932 1733 1063 1817 flagitia
1085 1733 1232 1817 primus

237 1839 422 1923 aspernari.
435 1858 497 1903 neo
513 1837 617 1903 multo
630 1845 706 1923 post
721 1835 966 1921 digredientem
977 1857 1054 1900 cum
1066 1833 1232 1903 Caesare

236 1963 276 2005 ac
298 1944 435 2026 provisu
457 1940 598 2027 periculi
621 1939 763 2006 hiberna
789 1949 904 2005 castra
920 1947 1130 2025 repetentem
1154 1943 1231 2007 cir-

238 2047 457 2129 cumsistunt,
484 2047 673 2130 rogitantes
703 2067 767 2131 quo
796 2052 970 2130 pergeret,
999 2042 1045 2108 ad
1071 2043 1230 2128 impera-

191 2160 215 2200 10
241 2156 348 2212 torem
382 2170 426 2212 an
460 2147 505 2212 ad
538 2157 664 2234 patres,
697 2158 735 2213 ut
769 2146 839 2213 illic
863 2168 995 2233 quoque
1028 2147 1228 2212 commodis

235 2251 405 2336 legionum
429 2251 695 2336 adversareturp
707 2249 807 2317 simul
826 2253 1005 2335 ingruunt,
1022 2271 1107 2314 saxa
1133 2251 1227 2316 iaci-

234 2363 306 2420 unt.
330 2355 463 2439 iamque
486 2353 611 2440 lapidis
640 2357 711 2420 ictu
735 2363 894 2419 cruentus
923 2361 956 2418 et
980 2354 1076 2418 exitii
1098 2362 1227 2419 certus

235 2458 381 2523 adcursu
403 2457 630 2524 multitudinis
665 2479 750 2543 quae
784 2479 859 2522 cum
881 2456 994 2521 Druso
1025 2455 1225 2523 advenerat

240 2568 413 2646 protectus
438 2569 499 2625 est.

341 2661 393 2728 28.
416 2664 557 2730 Noctem
579 2666 744 2731 minacem
767 2673 799 2730 et
824 2666 858 2730 in
884 2664 992 2729 scelus
1017 2670 1224 2749 erupturam

236 2767 305 2832 fors
329 2765 465 2832 lenivit:
494 2790 575 2833 nam
596 2768 677 2834 luna
714 2768 807 2833 claro
841 2777 979 2854 repente
1016 2767 1111 2832 caelo
1136 2770 1223 2835 visa

234 2869 465 2954 languescere.
489 2871 524 2936 id
546 2869 643 2936 miles
666 2873 810 2936 rationis
835 2873 973 2955 ignarus
998 2892 1094 2936 omen
1115 2893 1221 2956 prae-

238 2975 383 3038 sentium
399 2974 542 3060 accepit,
567 2977 636 3041 suis
652 2974 826 3042 laboribus
844 2974 1066 3040 defectionem
1089 2974 1219 3041 sideris

197 3104 210 3144 s
236 3076 457 3162 adsimulans,
490 3100 715 3166 prospereque
749 3101 887 3144 cessura
921 3100 987 3163 qua
1020 3089 1219 3164 pergerent,

236 3183 265 3246 si
289 3179 401 3265 fulgor
424 3191 457 3246 et
474 3182 643 3248 claritudo
669 3183 752 3248 deae
767 3181 976 3247 redderetur.
1000 3182 1106 3265 igitur
1120 3183 1216 3247 aeris

236 3306 334 3362 sono,
369 3283 526 3350 tubarum
566 3306 793 3372 cornuumque
833 3293 999 3350 concentu
1044 3293 1214 3370 strepere3

234 3397 333 3474 prout
350 3387 558 3473 splendidior
573 3389 800 3474 obscuriorve,
822 3389 945 3454 laetari
970 3397 1028 3453 aut
1043 3410 1213 3470 maerere3

234 3500 267 3556 et
290 3499 469 3576 postquam
486 3502 580 3559 ortae
595 3492 702 3558 nubes
719 3493 859 3557 offecere
874 3494 964 3558 visui
979 3491 1212 3578 creditumque

182 3620 208 3662 ro
234 3594 407 3660 conditam
429 3595 590 3681 tenebris,
622 3606 660 3661 ut
683 3605 761 3662 sunt
794 3595 935 3662 mobiles
969 3594 1015 3660 ad
1048 3597 1209 3682 supersti-
