2534 4084
435 275 667 331 aasumensi.
886 277 1040 345 XXXIII

56 471 201 536 60-63.
226 471 381 538 Tiberius
414 473 596 557 imaginem
612 473 772 559 antiquae
794 472 965 540 libertatis
989 493 1038 538 se·

56 579 157 644 natui
194 575 351 662 praebet,
385 578 442 662 qui
480 575 577 662 asyla
612 573 822 643 Graecarum
863 579 1040 642 civitatum

57 680 168 746 Asiae
194 681 367 746 examinat
390 690 425 745 et
446 679 580 746 modum
593 680 808 766 praescribit.
833 718 874 728 -
898 680 948 746 64.
973 680 1040 744 Au·

59 794 186 870 gustas
208 782 353 849 morbus.
399 783 660 869 supplicationes
691 783 743 849 dis
766 784 903 873 ludique
926 786 1041 869 magni

61 889 303 954 decernuntur.
326 923 368 934 -
392 885 443 951 65.
467 896 617 974 tempora
645 887 745 954 foeda
775 887 971 955 adulatione
993 890 1042 952 in·

60 992 164 1059 fecta.
190 1027 231 1037 —
247 989 383 1055 66-68,
408 989 445 1055 0.
462 989 597 1057 Silanus
613 992 875 1080 repetundarum
892 1002 925 1058 et
939 993 1042 1058 maie·

61 1098 165 1163 statis
190 1094 380 1181 postulatus
416 1117 436 1160 a
464 1095 579 1162 multis
608 1106 748 1181 urgetur
776 1107 810 1162 et
840 1119 860 1161 a
889 1097 1043 1184 principe

61 1203 148 1286 ipso,
173 1208 341 1284 postremo
366 1198 555 1266 damnatur.
579 1237 621 1246 -
654 1199 705 1264 69.
729 1199 932 1266 Dolabellae
961 1199 1042 1266 adu·

61 1303 229 1369 lationem
255 1305 407 1389 reprimit
429 1303 584 1369 Tiberius
616 1314 650 1370 et
680 1305 867 1370 sententias
895 1306 1041 1387 mitigat.

63 1445 104 1453 —
141 1404 193 1471 70.
228 1405 358 1473 Cordus
392 1408 652 1495 repetundarum
686 1408 875 1474 damnatus.
911 1407 1043 1474 Ennius

63 1513 256 1576 maiestatis
301 1510 490 1597 postulatus
531 1513 619 1576 inter
652 1534 728 1578 reos
768 1534 835 1578 non
882 1513 1046 1599 recipitur

65 1625 272 1702 aspernante
300 1613 466 1702 Capitone
496 1617 593 1702 quasi
615 1638 675 1702 per
697 1614 900 1682 libertatem.
928 1651 971 1662 —
994 1612 1046 1678 71.

66 1719 192 1783 donum
221 1720 367 1804 equestri
390 1718 562 1784 Fortunae
585 1719 681 1786 Antii
710 1721 880 1786 statuitur.
909 1741 1045 1804 respon·

66 1845 139 1888 sum
170 1822 212 1888 de
246 1824 318 1888 iure
352 1823 511 1889 flaminio.
540 1860 582 1869 —
617 1823 668 1888 72.
705 1823 802 1889 Pauli
840 1822 985 1890 basilica
1023 1845 1044 1888 a

65 1925 198 2012 Lepido
227 1927 394 1992 restituta.
428 1927 563 2015 Pompei
587 1927 756 1994 theatrum
780 1926 908 1993 Caesar
931 1950 966 1993 sc
990 1949 1046 1992 ex·

67 2040 274 2097 structurum
302 2030 490 2117 pollicetur.
519 2068 561 2077 —
593 2031 644 2096 73.
674 2032 904 2098 Tacfarinatis
927 2032 1046 2119 petitio

67 2134 254 2222 impudens.
277 2172 319 2181 —
337 2134 387 2200 74.
411 2135 553 2202 Blaesus
571 2146 690 2202 contra
714 2159 789 2203 eum
802 2137 925 2202 missus
941 2135 1048 2201 fratre

69 2241 139 2305 eius
181 2249 281 2326 capto
322 2261 384 2306 nec
418 2239 507 2306 bello
549 2241 703 2306 conlecto
742 2240 942 2327 regreditur.
989 2238 1049 2304 sed

67 2343 174 2409 nihilo
198 2344 306 2408 minus
340 2367 361 2409 a
387 2342 579 2428 legionibus
600 2346 782 2432 imperator
805 2343 983 2411 salutatur.
1005 2379 1047 2389 -

70 2447 109 2510 75
133 2456 167 2512 et
192 2445 244 2514 76.
267 2468 356 2512 mors
380 2445 550 2531 Salonini,
579 2436 773 2536 Capitonis,
802 2449 930 2532 Iuniae,
954 2449 1048 2514 cuius

71 2550 231 2618 sollemne
253 2551 361 2617 funus.
810 2549 812 2555 ⁴

173 2877 250 2943 Lib.
274 2877 332 2942 IV.
357 2880 411 2964 qui
436 2880 632 2945 sexennium
655 2877 889 2965 complectitur
913 2880 1049 2961 (annum

74 2983 202 3048 XXHI.
227 3004 332 3069 usquc
355 2983 401 3049 ad
423 2984 597 3064 XXVIH.)

174 3083 256 3171 Cap.
282 3086 310 3149 1.
334 3085 489 3152 Tiberius
514 3089 646 3152 saevire
669 3089 792 3173 coepit.
817 3107 923 3152 causa
945 3107 1047 3172 penes

73 3188 205 3255 Aelium
223 3186 381 3255 Seianum
405 3188 643 3256 dominationis
667 3189 834 3275 cupidum.
858 3191 929 3255 eius
946 3191 1050 3272 ociga,

75 3294 254 3378 ingenium,
277 3314 397 3358 mores.
420 3329 462 3340 -
478 3293 507 3358 2.
533 3292 676 3360 Seianus
692 3293 847 3360 cobortes
862 3292 1050 3380 praetorias

75 3406 174 3462 antea
196 3416 257 3481 per
271 3395 389 3461 urbem
406 3396 576 3485 dispersas
600 3399 635 3462 in
657 3420 725 3462 una
741 3406 855 3463 castra
879 3395 1049 3462 conducit.

76 3536 113 3545 -
136 3498 166 3562 3.
190 3497 302 3563 Druso
318 3497 447 3564 Tiberii
461 3499 530 3565 filio
554 3500 736 3567 insidiatur
749 3523 810 3589 per
825 3522 964 3566 uxorem
979 3499 1050 3564 eius

76 3603 208 3668 Liviam
224 3609 339 3690 stupro
355 3602 527 3691 pollutam.
552 3606 734 3671 assumitur
754 3606 788 3669 in
805 3604 1049 3670 conscientiam

126 3753 251 3798 ΤΔΟΠὌΒ.
264 3757 282 3799 1.
969 3758 983 3790 ⁰
