2530 4084
257 360 302 410 AB
327 359 488 412 Excusso
507 359 665 412 AUGUSTI
684 358 730 410 IV.
751 360 843 410 t--1u
979 358 1041 424 165

53 547 183 632 quibus
228 550 405 636 adprensis
434 549 563 638 ‘patres
593 554 792 638 conscripti,
826 547 894 618 hos'
930 552 1039 636 inquit

44 649 212 719 ‘orbatos
235 665 375 741 parente
398 655 528 722 tradidi
549 667 669 744 patruo
699 659 846 744 ipsorum
868 664 1042 741 precatus·

52 778 116 840 que
144 781 234 841 sum,
258 782 458 846 quamquam
482 769 570 825 esset
594 759 644 825 illi
667 761 802 846 propria
827 758 977 839 suboles,
1001 781 1043 822 ne
1108 817 1109 820 ,

52 883 157 926 secus
191 883 292 947 quam
327 886 422 929 suum
452 865 652 948 sanguinem
685 863 831 946 foveret,
860 861 1042 944 attolleret,
1070 883 1095 922 aa

53 962 196 1050 sibique
220 975 252 1030 et
275 967 419 1051 posteris
443 965 680 1032 conformaret.
705 976 818 1052 erepto
835 966 947 1031 Druso
969 987 1043 1052 pre·

53 1089 111 1132 ces
145 1067 196 1133 ad
218 1091 278 1133 vos
309 1079 468 1134 converto
499 1069 617 1154 disque
652 1078 684 1134 et
707 1071 819 1155 patria
843 1090 958 1135 coram
986 1068 1042 1134 ob-

54 1181 188 1237 testor:
211 1171 360 1256 Augusti
382 1183 603 1260 pronepotes,
634 1172 834 1238 clarissimis
857 1173 1041 1240 maioribus

58 1278 211 1358 genitos,
237 1277 407 1363 suscipite,
431 1278 550 1360 regite,
574 1287 722 1342 vestram
745 1299 918 1364 meamque
934 1280 1043 1344 vicem

57 1380 208 1465 explete.
233 1379 267 1444 hi
290 1379 404 1463 vobis,
426 1380 514 1445 Nero
539 1389 572 1444 et
594 1380 723 1459 Druse,
757 1391 934 1466 parentum
956 1383 1041 1449 loco.
1069 1400 1094 1439 ³⁰

57 1484 107 1548 ita
143 1485 220 1548 nati
250 1485 349 1567 estis,
383 1494 421 1549 ut
452 1482 541 1548 bona
566 1483 722 1569 malaque
754 1495 870 1549 vestra
899 1485 944 1549 ad
972 1509 1042 1553 rem

55 1587 235 1671 publicam
255 1584 467 1674 pertineant'

166 1687 197 1758 9.
221 1691 346 1775 Magno
371 1714 411 1757 ea
432 1692 514 1757 fletu
537 1702 571 1757 et
593 1713 672 1757 mox
693 1691 946 1779 precationibus
970 1693 1041 1758 fau·

59 1795 125 1859 stis
149 1795 285 1878 audita3
308 1817 349 1861 ac
373 1799 402 1861 si
424 1796 560 1862 modum
582 1797 728 1862 orationi
742 1796 921 1882 posuisset,
944 1797 1041 1861 mise-

58 1898 211 1964 ricordia
240 1902 292 1965 sui
327 1900 501 1986 gloriaque
532 1902 661 1965 animos
691 1899 900 1965 audientium
928 1898 1041 1985 imple-

57 2011 175 2068 verat:
199 2002 244 2068 ad
261 2025 351 2070 vana
375 2014 409 2068 et
431 2005 556 2069 totiens
574 2005 679 2069 inrisa
695 2000 878 2086 revolutus,
903 2001 944 2067 do
966 2002 1041 2067 red·

61 2105 176 2171 denda
208 2129 245 2170 re
272 2105 409 2193 publica
437 2116 540 2192 utque
570 2105 726 2172 consules
762 2128 820 2172 seu
849 2106 924 2193 quis
953 2105 1040 2171 alius
1068 2126 1080 2164 s

60 2212 213 2293 regimen
230 2212 447 2297 susciperent,
471 2234 550 2278 vero
568 2233 697 2298 quoque
723 2221 754 2276 et
777 2210 918 2275 honesto
941 2211 1042 2276 fidem

64 2313 219 2400 dempsit.
247 2316 428 2380 memoriae
450 2315 555 2381 Drusi
584 2314 702 2380 eadem
730 2337 815 2401 quae
844 2316 878 2380 in
902 2312 1041 2380 Germa-

64 2418 177 2482 nicum
212 2416 451 2502 decernuntur,
485 2417 654 2504 plerisque
688 2416 833 2500 additis,
867 2426 903 2482 ut
938 2418 1041 2483 ferme

64 2531 163 2586 amat
184 2521 351 2607 posterior
378 2520 540 2588 adulatio.
574 2522 674 2587 funus
709 2522 894 2604 imaginum
920 2542 1041 2608 pompa

62 2625 208 2689 maxime
249 2622 391 2690 inlustre
425 2624 504 2706 fuit,
545 2647 621 2691 oum
652 2626 745 2707 origo
781 2624 888 2690 Iuliae
929 2629 1039 2710 gentis
1068 2643 1092 2681 1⁰

10 2815 11 2818 Ἴ
65 2727 198 2793 Aeneas
237 2749 417 2813 omnesque
450 2726 660 2794 Albanorum
689 2749 786 2811 reges
824 2739 856 2794 et
885 2729 1041 2794 conditor

62 2828 154 2895 urbis
177 2829 348 2914 Romulus,
371 2840 447 2916 post
472 2828 601 2896 Sabina
624 2829 797 2914 nobilitas,
821 2828 923 2897 Attus
940 2829 1040 2896 Olau-

64 2957 116 3000 sus
151 2944 350 3022 ceteraeque
379 2932 599 3001 Claudiorum
633 2935 762 3018 effigies
790 2934 893 3018 longo
923 2934 1040 3000 ordine

65 3045 307 3122 spectarentur.

167 3139 217 3205 10.
246 3141 285 3206 In
315 3141 483 3208 tradenda
511 3151 619 3208 morte
640 3141 746 3208 Drusi
775 3165 859 3230 quae
887 3141 1040 3230 plurimis

11 3263 12 3330 j
65 3244 296 3330 maximaeque
324 3243 405 3311 fidei
433 3244 629 3312 auctoribus
652 3255 838 3311 memorata
868 3255 944 3310 sunt
973 3256 1039 3311 ret-

66 3347 140 3413 tuli:
164 3347 225 3413 sed
247 3371 316 3414 non
339 3351 507 3415 omiserim
528 3349 710 3415 eorundem
726 3359 910 3435 temporum
932 3371 1039 3414 rumo-

11 3473 140 3554 rem,
163 3451 315 3518 validum
337 3453 495 3537 adeo,ut
481 3453 658 3520 tnondum
674 3451 858 3517 exolescat.
881 3462 1041 3538 corrupta

68 3557 107 3622 ad
134 3556 245 3622 scelus
268 3556 370 3624 Livia
394 3556 554 3624 Seianum
574 3555 691 3641 Lygdi
719 3576 848 3643 quoque
878 3555 1038 3642 spadonis
1065 3578 1078 3618 s

70 3661 210 3726 animum
245 3668 360 3746 stupro
394 3661 563 3745 vinxisse,
598 3657 738 3745 quod
728 3681 756 3723 ιε
791 3666 904 3723 aetate
937 3667 1039 3742 atque
