2530 4084
271 347 317 398 AB
336 344 500 399 Excussit
517 340 675 398 AUGUSTI
694 341 744 400 III.
764 342 873 397 'ta—tt.
997 339 1056 408 157

60 541 200 607 Blaeso
209 590 218 624 ,
249 551 380 606 ceteros
404 540 537 627 quidem
561 540 606 605 ad
637 561 728 626 spem
754 536 933 626 proliceret
963 557 1057 601 arma
1085 544 1110 584 ¹⁵

61 647 140 710 sine
181 667 277 710 noxa
311 644 476 732 ponendi,
510 645 616 730 ipsius
652 652 765 708 autem
799 642 892 708 ducis
927 661 1056 727 quoquo

60 748 172 813 modo
199 758 381 834 poteretur.
406 757 439 813 et
461 749 588 834 recepti
611 769 651 812 ea
672 748 773 811 venia
795 744 955 832 plerique.
978 766 1058 809 mox

62 851 259 917 adversum
289 863 379 917 artes
403 851 634 917 Tacfarinatis
664 850 757 915 haud
781 849 935 914 dissimili
958 847 1056 913 modo

60 954 325 1040 belligeratum.

181 1057 234 1124 74.
256 1061 345 1126 Nam
368 1063 445 1148 quia
469 1059 526 1125 ille
549 1059 669 1125 robore
685 1059 854 1124 exercitus
878 1058 984 1143 inpar,
1008 1055 1057 1119 fu-

61 1163 177 1228 randi
202 1164 331 1248 melior,
354 1164 459 1250 pluris
476 1187 536 1250 per
553 1162 670 1248 globos
688 1164 875 1227 incursaret
893 1159 1057 1225 eluderet·

65 1288 136 1352 que
164 1275 199 1332 et
223 1268 366 1334 insidias
392 1268 489 1334 simul
513 1277 704 1355 temptaret,
727 1275 797 1332 tres
821 1267 984 1349 incessus,
1008 1273 1057 1330 to-

66 1371 185 1436 tidem
209 1373 346 1456 agmina
367 1381 542 1458 parantur.
578 1395 622 1436 cx
645 1373 719 1457 quis
743 1368 919 1436 Cornelius
944 1367 1056 1455 Scipio

66 1472 211 1558 legatus
241 1475 387 1561 praefuit
423 1496 489 1560 qua
518 1474 696 1560 praedatio
728 1474 762 1538 in
791 1473 994 1559 Leptitanos
1024 1480 1057 1537 et
1084 1478 1096 1516 ⁵

69 1578 224 1663 suffugia
249 1576 511 1662 Garamantum
546 1578 612 1643 alio
636 1578 759 1661 latere,
788 1601 831 1643 ne
854 1576 1058 1643 Cirtensium

69 1685 157 1767 pagi
177 1685 311 1769 impunc
328 1683 551 1766 traherentur,
575 1685 746 1768 propriam
762 1704 898 1747 manum
913 1681 1058 1747 Blaesus

70 1786 167 1852 filius
194 1788 301 1853 duxit.
325 1789 435 1854 medio
459 1810 536 1853 cum
567 1786 723 1870 delectis,
755 1786 897 1852 castella
927 1796 959 1851 ct
987 1807 1057 1851 mu-

71 1891 224 1956 nitiones
254 1891 384 1957 idoneis
414 1891 498 1957 locis
528 1894 702 1978 inponens,
738 1890 807 1956 dux
829 1892 901 1976 ipse
926 1898 1000 1954 arta
1025 1899 1058 1954 et

71 1994 210 2060 infensa
233 1994 387 2060 hostibus
412 2006 536 2062 cuncta
559 1995 703 2078 fecerat,
728 1997 824 2082 quia,
854 2015 983 2081 quoquo
1007 1995 1057 2056 in·
1086 2008 1109 2046 1⁰

73 2097 261 2183 clinarent,
295 2123 374 2186 pars
399 2101 514 2188 aliqua
544 2100 661 2166 militis
684 2101 827 2166 Romani
856 2101 891 2163 in
915 2120 988 2179 ore,
1022 2099 1057 2160 in

72 2199 185 2266 latere
220 2213 253 2269 et
288 2225 388 2289 saepe
412 2227 432 2268 a
462 2214 557 2288 tergo
588 2214 677 2286 erat,
710 2203 873 2288 multique
897 2224 935 2267 eo
958 2199 1056 2266 modo

76 2307 170 2371 caesi
194 2315 253 2370 aut
277 2308 509 2373 circumventi.
541 2317 619 2372 tuuc
644 2308 848 2392 tripertitum
872 2307 1058 2371 exercitum

75 2410 183 2495 pluris
208 2412 243 2475 in
265 2434 384 2477 manus
403 2412 568 2499 dispergit
583 2414 825 2498 praeponitque
840 2411 1054 2476 centuriones

74 2517 215 2579 virtutis
239 2525 409 2602 expertae.
432 2537 505 2600 noc,
528 2525 565 2580 ut
588 2538 659 2581 mos
683 2514 804 2599 fucrat,
829 2524 907 2580 acta
923 2521 1055 2580 aestate
1083 2527 1108 2568 1⁵

75 2618 221 2684 retrahit
245 2621 360 2705 copias
385 2629 442 2686 aut
465 2620 500 2684 in
522 2619 752 2686 hibernaculis
776 2622 900 2685 veteris
923 2620 1057 2706 provin-

77 2724 152 2788 ciae
176 2724 356 2809 componit,
381 2723 440 2789 sed
458 2732 496 2787 ut
519 2725 553 2787 in
577 2724 690 2789 limine
706 2722 788 2788 belli
806 2723 978 2808 dispositis
1002 2745 1057 2788 ca-

78 2825 186 2892 stellis
210 2848 269 2912 per
292 2825 466 2913 expeditos
493 2837 526 2892 et
550 2825 769 2892 solitudinum
786 2848 911 2911 gnaros
926 2836 1057 2892 mutan-

76 2938 144 2995 tem
182 2928 331 3015 mapalia
368 2928 624 2994 Tacfarinatem
665 2929 907 3016 proturbabat,
950 2930 1056 2996 donec

76 3032 183 3097 fratre
200 3033 270 3096 eius
295 3041 394 3118 capto
417 3052 592 3115 regressus
609 3043 670 3117 est,
693 3036 928 3119 properantius
946 3045 1059 3100 tamen
1086 3047 1113 3088 ²⁰

78 3158 180 3221 quam
204 3158 246 3201 ex
268 3136 418 3200 utilitate
442 3137 625 3218 sociorum,
655 3136 784 3203 relictis
808 3160 868 3224 per
897 3160 978 3224 quos
1007 3162 1057 3204 re-

79 3226 233 3323 surgciet
256 3238 391 3304 bellum.
416 3239 477 3304 sed
498 3239 654 3306 Tiberius
684 3264 744 3327 pro
774 3242 925 3308 confecto
955 3245 1056 3311 iuter·

8 3421 9 3428 ἵ
78 3351 230 3429 pretatus
253 3342 289 3407 id
312 3364 441 3429 quoque
464 3342 587 3409 Blaeso
611 3344 740 3428 tribuit,
762 3356 801 3411 ut
830 3349 1013 3433 imperator
1035 3372 1055 3414 a

8 3451 9 3466 ¹
79 3445 267 3530 legionibus
292 3446 511 3529 salutaretur,
541 3443 652 3533 prisco
677 3470 758 3533 erga
789 3449 890 3516 duces
919 3449 1054 3537 honore,

80 3553 134 3638 qui
156 3550 242 3616 benc
259 3560 356 3636 gesta
371 3574 408 3617 re
423 3550 560 3637 publica
576 3552 701 3637 gaudio
726 3564 758 3618 et
774 3554 900 3641 impetu
914 3555 1054 3621 victoris
1082 3575 1107 3616 2⁵

83 3657 249 3721 exercitus
273 3654 590 3739 conclamabantur3
636 3668 798 3743 erantque
819 3657 932 3743 plures
957 3657 1054 3724 simul
