2530 4084
209 293 270 358 168
534 293 708 346 scarnen
727 294 851 344 racrrr

163 513 176 552 s
202 483 366 568 Aegiensi
398 483 488 571 apud
513 483 688 568 Achaiam,
722 493 815 548 motu
846 492 960 548 terrae
991 482 1193 566 labefactis,

204 587 440 653 subveniretur
474 589 670 653 remissione
700 585 820 652 tributi
847 588 882 651 in
913 585 1109 653 triennium.
1158 594 1191 651 et

202 691 323 757 Vibius
341 691 485 758 Serenus
501 715 561 779 pro
579 691 715 757 consule
731 690 901 757 ulterioris
917 691 1124 778 Hispaniae,
1151 689 1191 754 de

202 798 237 860 vi
265 795 404 882 publica
440 796 637 879 damnatus,
673 794 715 859 ob
746 796 963 860 atrocitatem
991 816 1126 860 morum
1156 795 1189 858 in

202 899 348 965 insulam
370 899 553 984 Amorgum
579 897 786 984 deportatur.
809 894 986 963 Carsidius
1004 896 1189 980 Sacerdos,

149 1029 175 1069 1o
201 1024 277 1068 reus
308 1012 481 1089 tamquam
507 1003 675 1068 frumento
703 1000 834 1066 hostem
856 1001 1115 1066 Tacfarinatem
1140 1003 1188 1067 iu·

200 1106 321 1190 visset,
358 1105 563 1189 absolvitur,
599 1104 814 1191 eiusdemque
838 1106 987 1170 criminis
1011 1103 1050 1169 O.
1075 1103 1186 1170 Grac·

200 1209 292 1276 chus.
336 1209 425 1274 hunc
461 1210 619 1276 comitem
653 1207 767 1274 exsilii
801 1207 982 1273 admodum
1015 1209 1186 1275 infantem

198 1323 296 1400 pater
331 1311 546 1399 Sempronius
582 1314 615 1377 in
652 1311 798 1378 insulam
831 1310 1011 1378 Cercinam
1045 1313 1184 1378 tulerat.

200 1418 270 1484 illic
305 1417 439 1484 adultus
470 1419 558 1483 inter
592 1427 743 1483 extorres
774 1426 806 1482 et
840 1415 1032 1483 liberalium
1055 1419 1183 1483 artium

148 1549 174 1588 rs
199 1525 349 1606 nescios,
384 1545 463 1588 mox
496 1545 556 1608 per
584 1521 738 1587 Africam
768 1543 808 1586 ac
839 1518 992 1586 Siciliam
1018 1518 1183 1586 mutando

199 1626 354 1692 sordidas
378 1649 505 1692 merces
531 1624 801 1707 sustentabatur3
832 1646 940 1711 neque
962 1633 1078 1689 tamen
1103 1623 1182 1690 effu·

199 1733 248 1815 git
271 1752 416 1815 maguae
439 1730 595 1795 fortunae
617 1728 777 1814 pericula.
802 1751 842 1794 ac
865 1729 902 1793 ni
917 1726 1035 1794 Aelius
1058 1729 1183 1795 Lamia

198 1843 231 1900 et
253 1834 294 1898 L.
311 1833 490 1920 Apronius,
515 1835 571 1920 qui
588 1832 738 1900 Africam
761 1830 988 1915 obtinuerant,
1012 1833 1181 1898 insontem

196 1939 436 2022 protexissent,
471 1936 676 2002 claritudine
711 1935 851 2001 infausti
885 1937 1020 2019 generis
1056 1948 1090 2002 et
1123 1957 1180 2024 pa·

146 2066 172 2106 ro
200 2043 303 2107 ternis
328 2041 482 2107 adversis
507 2041 593 2106 forat
617 2038 823 2106 abstractus.

303 2143 353 2210 14.
377 2144 411 2210 Is
445 2166 574 2231 quoque
609 2165 717 2210 annus
751 2141 939 2227 legationes
970 2141 1181 2211 Graecarum

199 2249 390 2313 civitatium
412 2247 542 2332 habuit,
567 2245 689 2312 Samiis
706 2246 855 2330 Iunonis,
879 2244 958 2312 (lois
981 2246 1181 2334 Aesculapii

199 2349 338 2416 delubro
361 2360 532 2416 vetustum
555 2350 645 2437 asyli
673 2352 724 2415 ius
753 2359 791 2414 ut
820 2350 1010 2415 firmaretur
1038 2355 1181 2438 petenti-

197 2454 270 2520 bus.
296 2453 401 2520 Samii
419 2454 554 2521 decreto
571 2454 857 2540 Amphictyonum
872 2453 1082 2540 nitebantur,
1105 2458 1179 2543 quis

157 2584 170 2623 r
196 2561 413 2645 praecipuum
435 2559 498 2623 fuit
522 2581 633 2624 rerum
649 2559 794 2623 omnium
810 2557 982 2644 iudicium,
1006 2582 1074 2645 qua
1097 2570 1180 2625 tem-

196 2671 328 2747 pestate
363 2659 488 2727 Graeci
523 2661 670 2726 conditis
704 2683 764 2747 per
792 2661 911 2726 Asiam
943 2661 1084 2727 urbibus
1121 2685 1180 2729 ora

196 2767 298 2830 maris
322 2763 549 2851 potiebantur.
595 2787 702 2851 neque
727 2764 842 2850 dispar
865 2765 956 2851 apud
979 2763 1067 2830 Coos
1091 2769 1180 2833 anti·

196 2870 318 2955 quitas,
343 2879 376 2934 et
399 2870 584 2935 accedebat
607 2871 761 2935 meritum
785 2891 828 2933 ex
851 2868 942 2934 loeo:
980 2892 1060 2934 nam
1084 2872 1179 2938 cives

194 2973 362 3038 Romanos
386 2973 510 3060 templo
527 2972 723 3059 Aesculapii
745 2972 962 3056 induxerant,
986 2994 1063 3038 cum
1086 2976 1181 3041 iussu

145 3101 169 3140 ro
195 3076 284 3159 regis
298 3075 507 3141 Mithridatis
520 3076 610 3163 apud
621 3085 761 3142 cunctas
771 3076 874 3141 Asiae
887 3075 1016 3143 insulas
1029 3087 1064 3142 et
1076 3079 1178 3144 urbes

195 3178 455 3244 trucidarentur.
478 3181 584 3244 variis
602 3179 721 3244 dehinc
744 3189 777 3244 ct
799 3180 932 3264 saepius
951 3180 1063 3245 inritis
1079 3203 1176 3268 prae·

196 3292 304 3348 torum
333 3281 523 3368 questibus,
551 3292 719 3368 postremo
744 3280 872 3348 Caesar
901 3281 942 3347 de
971 3284 1176 3350 inmodestia

194 3384 395 3451 histrionum
417 3385 563 3451 rettulit:
587 3385 693 3451 multa
716 3386 759 3450 ab
776 3387 818 3449 iis
842 3387 877 3449 in
892 3384 1066 3470 publicum
1089 3387 1173 3452 sedi-

197 3487 292 3568 tiose,
323 3486 422 3551 foeda
446 3508 505 3572 per
521 3487 636 3552 domos
659 3489 833 3573 temptari3
857 3486 981 3552 Oscum
1005 3490 1173 3575 quondam

146 3615 171 3655 15
197 3583 373 3670 ludicrum,
395 3587 588 3654 levissimae
603 3589 694 3677 apud
709 3588 848 3671 vulgum
870 3588 1123 3678 oblectationis,
1138 3615 1173 3658 eo
