2500 4084
262 333 307 386 AB
328 333 489 386 Excusso
508 333 667 388 AUGUSTI
685 334 730 386 VI.
750 335 861 388 26-28.
982 334 1045 400 235

169 521 220 589 28.
242 523 348 590 Paulo
376 525 486 590 Fabio
515 524 556 591 L.
578 523 717 591 Vitellio
752 523 945 591 oonsulibus
969 535 1045 611 post

58 628 203 712 longum
226 628 436 698 saeculorum
459 629 622 696 ambitum
650 630 725 695 avia
746 629 894 714 phoenix
922 630 957 694 in
980 627 1044 694 Ae·

59 740 206 818 gyptum
238 734 334 799 venit
369 733 591 819 praebuitque
629 733 805 799 materiem
838 731 1044 798 doctissimis

62 834 303 919 indigenarum
333 846 367 902 et
391 835 597 903 Graecorum
625 836 733 904 multa
755 859 855 923 super
883 858 921 901 eo
945 837 1043 901 mira-

60 937 140 1005 culo
166 939 363 1006 disserendi.
389 942 430 1007 de
446 941 566 1027 quibus
590 950 780 1026 congruunt
805 949 839 1005 et
859 938 957 1026 plura
974 962 1042 1006 am·
1069 955 1082 997 ὁ

59 1045 178 1129 higna,
213 1046 275 1112 sed
308 1048 448 1131 cognitu
480 1067 549 1112 non
582 1044 732 1111 absurda
765 1065 917 1131 promere
950 1043 1044 1108 libet.

61 1170 200 1216 sacrum
224 1149 294 1217 Soli
318 1149 354 1215 id
377 1148 504 1215 animal
528 1158 560 1214 et
585 1170 643 1215 ore
673 1171 713 1214 ae
739 1148 903 1214 distinctu
925 1148 1044 1232 pinna·

60 1276 138 1319 rum
171 1275 191 1318 a
221 1253 343 1321 ceteris
378 1253 499 1319 avibus
531 1252 702 1318 diversum
738 1253 953 1318 consentiunt
987 1251 1043 1338 qui

59 1356 206 1422 formam
228 1359 299 1423 eius
324 1357 502 1422 effinxere:
537 1357 579 1422 de
601 1378 738 1422 numero
762 1377 924 1422 annorum
946 1357 1045 1420 varia

61 1459 258 1526 traduntur.
302 1460 448 1526 maxime
476 1459 654 1543 vulgatum
688 1459 946 1547 quingentorum
970 1481 1044 1544 spa·
1072 1472 1098 1512 10

62 1565 167 1628 tium:
203 1573 280 1629 sunt
314 1564 371 1651 qui
406 1563 609 1630 adseverent
648 1564 741 1631 mille
777 1564 1043 1650 quadringentos

62 1666 249 1751 sexaginta
281 1689 384 1732 unum
413 1668 566 1752 interiei,
593 1669 790 1754 prioresque
823 1666 924 1732 alites
948 1664 1044 1732 Seso-

63 1770 141 1835 side
173 1771 332 1856 primum,
365 1780 442 1858 post
465 1770 639 1837 Amaside·
664 1771 933 1852 dominantibus,
967 1769 1044 1834 dein

60 1872 275 1958 Ptolemaeo,
304 1875 362 1960 qui
392 1897 435 1940 ex
457 1872 703 1941 Macedonibus
731 1877 852 1940 tertius
875 1874 1044 1957 regnavit,

63 1978 98 2042 in
122 1977 313 2061 civitatem,
348 1980 403 2046 eui
426 1977 614 2065 Heliopolis
647 1999 785 2063 nomen,
819 1976 1045 2058 advolavisse,
1073 1989 1099 2030 ¹⁵

62 2079 172 2145 multo
195 2089 385 2147 ceterarum
408 2079 582 2147 voluerum
598 2082 763 2147 comitatu
778 2103 902 2146 novam
924 2081 1047 2147 faeiem

61 2184 270 2250 mirantium.
305 2182 366 2250 sed
389 2185 576 2271 antiquitas
606 2183 741 2270 quidem
763 2183 924 2250 obseura:
958 2186 1047 2248 inter

61 2285 294 2362 Ptolemaeum
317 2309 358 2354 aa
382 2287 555 2354 Tiberium
584 2288 692 2354 minus
724 2286 861 2355 ducenti
884 2288 1044 2374 quinqua·

62 2392 162 2475 ginta
199 2392 279 2456 anni
314 2391 459 2456 fuerunt.
504 2390 594 2457 unde
621 2390 776 2456 nonnulli
804 2391 928 2457 falsum
956 2390 1045 2456 hune

60 2493 260 2579 phoenicem
283 2515 392 2580 neque
406 2493 558 2560 Arabum
582 2516 600 2558 e
622 2495 721 2560 terris
738 2494 923 2578 credidere,
946 2493 1044 2559 nihil·
1072 2509 1098 2550 ²⁰

62 2618 129 2683 que
158 2598 376 2683 usurpavisse
405 2620 449 2662 ex
472 2597 545 2681 bis,
578 2618 664 2682 quae
687 2607 785 2664 vetus
806 2599 968 2664 memoria
991 2598 1046 2663 fir·

62 2701 180 2766 mavit.
206 2699 360 2765 confecto
383 2701 505 2786 quippe
529 2720 694 2765 annorum
709 2721 859 2783 numero,
881 2699 940 2765 ubi
955 2722 1046 2766 mors

61 2803 273 2889 propinquet,
298 2803 367 2868 suis
392 2802 427 2866 in
449 2804 550 2869 terris
567 2813 697 2870 struere
719 2803 836 2868 nidum
859 2804 955 2888 eique
978 2805 1046 2868 vim

64 2905 248 2990 genitalem
271 2905 475 2991 adfundere,
505 2929 548 2972 ex
570 2928 637 2993 qua
659 2908 765 2972 fetum
788 2907 885 2989 oriri;
923 2917 958 2973 et
979 2909 1045 2992 pri·

66 3032 156 3076 mam
189 3009 306 3075 adulto
341 3030 458 3075 euram
492 3009 677 3095 sepeliendi
710 3011 834 3096 patris,
867 3031 975 3097 neque
1008 3010 1044 3075 id
1073 3025 1098 3066 2⁵

65 3123 206 3196 temere,
236 3111 297 3177 sed
320 3112 455 3178 sublato
478 3135 612 3179 murrae
640 3114 789 3200 pondere
819 3122 1046 3199 temptatoque

64 3239 123 3302 per
145 3205 387 3300 longum'iter,
420 3215 479 3281 ubi
501 3238 564 3302 par
593 3219 703 3302 oneri,
736 3240 799 3305 par
831 3219 957 3283 meatui
990 3219 1045 3298 sit,

65 3319 178 3385 subire
206 3321 354 3405 patrium
382 3341 505 3405 corpus
535 3322 634 3407 inque
658 3320 746 3388 Solis
776 3344 870 3388 aram
897 3319 1046 3406 perferre

65 3433 167 3511 atquo
200 3423 347 3489 adolere.
391 3422 475 3489 haee
504 3425 637 3491 ineerta
666 3435 699 3490 et
729 3424 892 3492 fabulosis
928 3433 1045 3490 aueta:

66 3537 216 3593 aeterum
231 3528 338 3615 aspiri
354 3525 537 3614 aliquando
561 3529 596 3592 in
612 3526 769 3616 Aegypto
787 3550 863 3595 eam
876 3527 1046 3594 volucrem
1072 3540 1099 3581 ³⁰

66 3653 134 3696 non
158 3629 351 3715 ambigitur.
