2534 4084
180 856 614 967 CORNELII
665 859 949 969 TAOlTl

246 1041 306 1108 AB
328 1042 535 1109 EXOESSU
556 1041 658 1110 DIVI
679 1043 882 1112 AUGUSTI

483 1183 605 1240 LIBER
622 1183 645 1238 1.

183 1323 209 1385 l.
232 1321 358 1388 Urbem
372 1323 513 1388 Romam
535 1346 555 1388 a
577 1325 742 1409 principio
765 1343 864 1407 reges
886 1322 1051 1407 habuere3

67 1425 270 1491 libertatem
312 1435 346 1491 et
389 1425 601 1492 consulatum
645 1427 686 1491 L.
723 1427 848 1492 Brutus
892 1429 1050 1492 instituit.

70 1529 269 1594 dictaturae
291 1530 336 1596 ad
359 1540 489 1616 tempus
514 1529 748 1614 sumebantur3
782 1552 890 1617 neque
921 1530 1050 1596 decem·
1099 1533 1104 1542 '
1152 1563 1159 1586 ι

69 1631 194 1696 viralis
216 1641 367 1718 potestas
391 1633 480 1699 ultra
503 1633 686 1716 biennium,
709 1655 817 1720 neque
840 1633 1050 1700 tribunorum

70 1735 218 1800 militum
241 1736 417 1802 consulare
439 1739 491 1801 ins
516 1737 573 1803 diu
595 1736 713 1802 valuit.
736 1759 804 1802 non
820 1735 959 1820 Cinnae,
981 1759 1049 1802 non
1077 1752 1091 1794 5

72 1837 192 1904 Sullae
213 1838 317 1925 longa
344 1839 545 1924 dominat103
579 1849 612 1905 et
638 1841 774 1926 Pompei
796 1838 978 1927 Crassique
993 1863 1051 1928 po·

5 1943 6 1948 ’
72 1942 185 2006 tentia
217 1944 285 2008 cito
319 1945 354 2008 in
387 1941 577 2027 Caesarem,
611 1942 734 2029 Lepidi
768 1953 871 2029 atque
903 1942 1046 2009 Antonii

72 2069 171 2112 arma
193 2048 229 2111 in
251 2044 443 2131 Augustum
465 2069 605 2130 cessere,
630 2049 686 2133 qui
715 2056 839 2112 cuncta
870 2046 1049 2113 discordiis

72 2149 233 2216 civilibus
255 2151 345 2215 fessa
367 2151 501 2217 nomine
527 2153 688 2236 principis
712 2150 774 2216 sub
797 2152 972 2236 imperium
995 2174 1050 2216 ac-

73 2255 176 2340 cepit.
216 2253 275 2318 sed
307 2257 432 2319 veteris
466 2253 580 2341 populi
616 2254 760 2319 Romani
798 2275 958 2341 prospera
995 2254 1050 2320 vel
1079 2271 1103 2309 1⁰

73 2357 220 2423 adversa
232 2355 333 2423 claris
351 2356 768 2444 scriptoribusmemorata
785 2367 878 2441 sunt3
894 2361 1050 2443 tempori·

72 2459 204 2547 busque
215 2460 362 2545 Augusti
375 2459 526 2526 dicendis
538 2481 606 2526 non
619 2460 754 2526 defuere
767 2460 889 2525 decora
903 2463 1049 2544 ingenia,

76 2566 183 2631 donec
206 2563 373 2648 gliscente
394 2563 591 2629 adulatione
620 2563 877 2629 deterrerentur.
922 2563 1050 2628 Tiberii

76 2668 207 2755 Gaique
230 2677 264 2732 et
286 2666 421 2733 Claudii
444 2689 485 2732 ac
506 2667 648 2732 Neronis
671 2689 725 2731 res
748 2666 944 2732 florentibus
966 2669 1049 2752 ipsis

76 2773 118 2840 ob
139 2780 266 2838 metum
287 2770 404 2855 falsae,
427 2779 606 2857 postquam
628 2770 833 2852 occiderant,
857 2770 1048 2835 recentibus
1077 2788 1103 2826 1⁵

77 2877 161 2942 odiis
185 2877 391 2961 compositae
415 2883 502 2939 sunt.
531 2873 611 2938 inde
634 2873 813 2939 eonsilium
834 2873 915 2938 mihi
937 2895 1048 2959 pauca

77 2981 118 3046 de
124 2980 278 3065 Augusto
291 2988 325 3044 et
337 2987 488 3044 extrema
499 2976 644 3060 tradere,
656 2998 736 3042 mox
742 2975 868 3043 Tiberii
881 2978 1049 3063 principe-

78 3091 203 3149 tumet
225 3092 349 3165 cetera,
374 3083 446 3146 sine
468 3082 519 3144 ira
549 3090 582 3145 et
613 3079 740 3164 studio,
764 3100 904 3165 quorum
926 3101 1048 3144 causas

75 3185 190 3273 procul
211 3184 330 3251 habeo.

175 3288 207 3352 2.
228 3279 412 3375 Postquam
447 3288 552 3354 Bruto
593 3297 626 3352 et
659 3284 778 3352 Oassio
818 3289 927 3352 caesis
956 3286 1049 3350 nulla

79 3396 144 3459 iam
157 3390 296 3479 publica
311 3415 415 3474 arma,
438 3393 616 3478 Pompeius
640 3391 731 3477 apud
747 3389 898 3455 Siciliam
915 3412 1048 3475 oppres-

78 3519 130 3563 sus
146 3504 313 3582 exutoque
328 3493 470 3582 Lepido,
494 3496 670 3561 interfecto
686 3493 834 3559 Antonio
849 3516 891 3558 ne
906 3493 1047 3558 Iulianis

78 3599 208 3688 quidem
228 3598 382 3684 partibus
405 3599 471 3662 nisi
495 3595 624 3662 Caesar
647 3595 716 3661 dux
738 3594 898 3682 reliquus,
937 3597 1047 3682 posito

125 3732 280 3780 suerrum
964 3717 977 3764 1
