2530 4084
276 366 324 415 AB
343 365 507 418 Excusso
524 365 682 417 AUGUSTI
701 365 751 415 111.
769 361 880 414 ott-55.
989 361 1052 427 145

62 553 216 620 dominis
246 565 279 620 et
309 558 456 622 servitiis
485 566 518 622 et
548 559 640 641 agris
664 555 897 638 subvenerint,
931 564 1049 620 nostra

61 681 137 724 nos
166 658 295 724 scilicet
328 683 465 726 nemora
494 672 697 748 nostraeque
726 659 829 724 villae
857 657 1050 724 tuebuntur.

61 763 170 848 hano,
193 775 309 851 patres
333 766 533 851 conscripti,
563 788 679 831 curam
709 766 853 830 sustinet
876 763 1052 850 princeps3

65 866 158 931 haec
183 870 307 933 omissa
335 868 485 934 funditus
509 891 580 933 rem
607 867 778 954 publicam
806 866 929 933 trahet.
974 865 1051 931 reli-

65 971 146 1055 quis
187 973 278 1036 intra
319 972 466 1036 animum
499 971 701 1037 medendum
736 980 803 1036 est:
837 992 898 1035 nos
932 970 1050 1055 pudor,
1079 985 1104 1026 ³⁰

64 1095 237 1160 pauperes
254 1077 452 1158 necessitas,
478 1075 600 1140 divites
619 1076 724 1140 satias
748 1075 783 1139 in
799 1072 918 1139 melius
933 1082 1051 1138 mutet.

67 1185 132 1241 aut
162 1179 191 1243 si
221 1180 294 1264 quis
325 1201 368 1244 ex
396 1177 653 1262 magistratibus
686 1187 818 1242 tantam
849 1177 1052 1252 industriam

68 1301 115 1343 ae
143 1283 360 1347 severitatem
387 1279 581 1367 pollicetur,
616 1289 652 1346 ut
687 1282 736 1345 ire
771 1279 906 1345 obviam
939 1291 1050 1368 queat,

65 1382 159 1448 hunc
185 1404 247 1468 ego
272 1394 305 1449 et
328 1383 430 1449 laudo
455 1393 487 1449 et
512 1384 690 1449 exonerari
720 1382 874 1449 laborum
903 1407 1051 1450 meorum

68 1498 202 1572 partem
238 1488 364 1554 fateor:
400 1491 452 1554 sin
482 1510 644 1554 accusare
673 1490 759 1553 vitia
792 1487 925 1571 volunt,
962 1488 1049 1573 dein,
1077 1500 1102 1538 ⁸⁵

70 1611 146 1657 oum
169 1590 315 1675 gloriam
345 1594 415 1657 eius
438 1594 488 1657 rei
517 1592 632 1677 adepti
661 1601 755 1675 sunt,
790 1589 978 1656 simultates
1002 1593 1050 1656 fa·

70 1695 163 1759 ciunt
180 1717 220 1759 ac
237 1694 318 1759 mihi
334 1694 537 1781 relinquunt,
562 1695 700 1778 credite,
724 1704 839 1780 patres
856 1697 1050 1780 conscripti,

69 1819 122 1861 me
151 1819 282 1884 quoque
310 1820 377 1862 non
412 1821 485 1864 esse
515 1799 732 1864 offensionum
767 1798 921 1881 avidum;
965 1821 1049 1885 quas

72 1920 145 1966 cum
168 1921 292 1985 graves
323 1910 356 1966 et
386 1901 580 1990 plerumque
603 1905 736 1988 iniquas
760 1924 819 1989 pro
842 1924 878 1966 re
911 1901 1049 1987 publica

73 2006 262 2090 suscipiam,
286 2007 404 2071 inanes
428 2016 460 2071 et
484 2008 604 2072 inritas
627 2027 734 2094 neque
757 2005 839 2070 mihi
863 2016 920 2071 aut
943 2005 1039 2070 vobis
1071 2019 1098 2058 4⁰

72 2107 144 2172 usui
168 2107 300 2173 futuras
325 2110 395 2173 iure
420 2108 602 2195 deprecor.²

171 2209 224 2274 55.
248 2209 384 2276 Auditis
415 2211 573 2279 Caesaris
596 2213 728 2298 {litteris
758 2215 900 2278 remissa
931 2212 1048 2278 aedili-

73 2311 132 2378 bus
157 2313 238 2380 talis
262 2336 361 2400 cura3
399 2315 564 2402 luxusque
586 2339 740 2400 mensae,
776 2340 796 2381 a
824 2316 891 2380 fine
913 2315 1049 2381 Actiaci

73 2413 153 2482 belli
177 2417 222 2481 ad
246 2439 285 2482 ea
309 2441 414 2502 arma,
439 2421 513 2505 quis
530 2418 666 2485 Servius
684 2417 796 2484 Galba
812 2442 922 2485 rerum
945 2419 1048 2506 adep·

72 2529 122 2586 tus
140 2531 203 2604 est,
226 2544 286 2607 per
301 2545 407 2588 annos
432 2533 565 2589 centum
580 2523 725 2609 profusis
742 2522 929 2610 sumptibus
954 2546 1049 2589 exer-

75 2626 133 2688 citi
164 2623 330 2710 paulatim
365 2626 550 2692 exolevere.
596 2647 718 2692 causas
750 2628 821 2692 eius
850 2629 1048 2693 mutationis
1076 2639 1089 2681 5

76 2749 234 2812 quaerere
258 2728 351 2794 libet.
398 2729 486 2796 dites
517 2729 596 2795 olim
624 2731 774 2796 familiae
805 2730 968 2796 nobilium
991 2741 1049 2796 aut

72 2829 276 2897 claritudine
311 2835 462 2917 insignes
498 2834 608 2899 studio
637 2835 912 2918 magnificentiae
940 2833 1049 2920 prola-

71 2931 249 3000 bebantur.
294 2958 374 3001 nam
402 2939 506 3002 etiam
536 2947 607 3001 tum
635 2937 767 3023 plebem
798 2940 907 3003 socios
943 2958 1049 3022 regna

72 3036 180 3104 colere
216 3047 248 3104 et
283 3039 350 3104 coli
382 3039 527 3125 licitum3
561 3051 599 3106 ut
629 3041 768 3128 quisque
797 3041 915 3127 opibus
952 3040 1048 3107 domo

71 3151 192 3227 paratu
210 3145 392 3229 speciosus,
414 3166 474 3231 per
495 3166 617 3210 nomen
634 3155 665 3210 et
682 3143 858 3210 clientelas
876 3144 1049 3210 inlustrior
1077 3159 1102 3199 1⁰

71 3243 268 3311 habebatur.
291 3255 471 3333 postquam
494 3247 656 3312 caedibus
674 3249 839 3313 saevitum
863 3257 894 3312 et
918 3251 1048 3332 magni·

72 3348 150 3413 tudo
172 3348 284 3413 famae
308 3352 411 3415 exitio
437 3360 519 3433 erat,
544 3351 649 3415 ceteri
674 3349 718 3415 ad
742 3351 947 3438 sapientiora
970 3374 1048 3417 con·

73 3460 211 3516 vertere.
242 3451 340 3517 simul
364 3456 442 3518 novi
465 3452 616 3519 homines
641 3477 658 3517 e
681 3455 873 3540 municipiis
898 3463 930 3519 et
960 3453 1048 3519 eolo-

73 3554 134 3618 niis
158 3562 260 3640 atque
283 3557 387 3621 etiam
402 3557 587 3642 provinciis
606 3558 645 3621 ,in
670 3566 825 3622 senatum
847 3556 965 3622 crebro
990 3557 1049 3623 ad-

75 3660 193 3744 sumpti
235 3657 456 3726 domestioam
494 3659 735 3747 parsimoniam
774 3660 976 3744 intulerunt,
1015 3669 1049 3726 et
1076 3675 1102 3716 1⁵

121 3808 246 3854 aremus·
258 3809 278 3854 1.
947 3799 979 3847 10
