2534 4084
463 251 687 322 raconuruu
995 271 1062 339 pfl
1161 271 1165 282 ’

81 462 317 544 continentur,
358 459 581 547 superioribus
628 459 762 526 addidit
799 461 1060 526 commentariis.

80 563 405 650 praeterea'Caesar
421 565 680 632 commentarios
703 574 773 630 tres
788 564 830 631 de
853 562 942 630 bello
965 563 1058 629 civili

82 669 231 753 scripsit,
256 689 338 754 quos
354 669 508 734 confecto
525 666 614 734 bello
631 689 720 733 anno
737 667 843 732 XLV.
867 666 921 733 vel
937 666 1061 734 XLIV.

81 772 115 836 in
147 771 259 837 lucem
288 771 413 856 edidit3
443 773 571 859 priores
601 779 715 836 autem
744 770 785 837 de
812 769 902 836 bello
927 768 1062 836 Gallico

80 896 171 939 anno
194 875 254 939 LI.
276 884 351 962 post
374 884 515 940 mortem
539 876 610 942 eius
625 872 665 939 A.
689 875 821 940 Hirtius
844 872 970 940 bellum
984 872 1063 940 Ale-

79 977 290 1044 xandrinum
311 981 514 1064 composuit,
538 978 626 1044 alius
661 979 734 1064 quis
768 980 903 1062 ignotus
937 976 1063 1043 bellum

78 1080 292 1164 Africanum,
314 1084 396 1147 item
418 1081 505 1148 alius
523 1081 647 1148 bellum
662 1081 899 1167 Hispaniense.
922 1080 1062 1148 multum

79 1185 197 1266 gratia
224 1184 332 1250 valuit
367 1185 458 1271 apud
486 1183 669 1250 Caesarem
706 1182 743 1248 C.
779 1182 960 1250 Sallustius
990 1184 1062 1250 Cri·

78 1308 171 1373 spus,
196 1291 262 1374 qui
276 1311 365 1354 anno
381 1288 574 1354 LXXXVI.
597 1288 764 1353 Amiterni
787 1288 821 1352 in
840 1285 976 1354 Sabinis
1000 1311 1059 1353 na-

79 1400 135 1454 tus
154 1401 188 1456 et
211 1413 299 1457 anno
322 1392 467 1457 XXXV.
491 1390 545 1456 vel
569 1391 731 1456 XXXIV.
760 1391 886 1456 Romae
909 1400 1060 1457 mortuus

81 1503 145 1558 est.
176 1515 265 1559 anno
287 1494 362 1560 LII.
393 1494 549 1560 tribunus
577 1494 686 1580 plebis
716 1495 789 1572 luit,
813 1494 950 1562 biennio
983 1504 1061 1581 post

79 1595 123 1660 ab
148 1595 258 1683 Appio
287 1591 430 1663 Claudio
459 1620 598 1664 censore
628 1609 750 1664 senatu
782 1609 892 1664 motus
927 1600 962 1665 in
995 1600 1061 1684 pri-

79 1703 208 1766 stinam
224 1701 426 1785 dignitatem
448 1724 469 1766 a
485 1700 632 1768 Caesare
647 1703 825 1768 restitutus
850 1711 911 1768 est.
936 1701 1058 1768 deinde

79 1826 170 1869 anno
194 1805 319 1870 XLIX.
346 1808 381 1870 in
407 1802 545 1890 Illyrico
568 1827 639 1870 rem
661 1804 749 1870 male
766 1805 889 1888 gessit3
913 1807 1059 1890 itemque

76 1929 169 1973 anno
186 1908 327 1974 XLVII.
350 1918 487 1994 praetor
509 1909 620 1976 factus
644 1908 795 1992 legiones
820 1910 855 1972 in
872 1906 1059 1994 Campania

77 2011 250 2077 seditiose
275 2022 416 2096 agentes
446 2013 572 2080 frustra
602 2012 647 2078 ad
678 2011 875 2098 obsequium
901 2011 1062 2078 reducere

78 2126 223 2182 conatus
240 2124 302 2180 est.
326 2118 516 2202 insequenti
533 2138 622 2183 anno
635 2138 713 2182 cum
728 2114 876 2182 Caesare
893 2117 928 2181 in
944 2115 1061 2180 Africa

78 2219 145 2285 fuit
167 2230 203 2284 et
223 2221 434 2305 provinciam
455 2241 574 2286 recens
591 2220 814 2287 constitutam
828 2217 981 2285 Africam
1003 2241 1061 2284 no·

77 2344 159 2388 vam
181 2322 237 2388 vel
260 2321 452 2390 inferiorem
482 2345 542 2409 pro
572 2322 712 2389 consule
740 2345 819 2388 eum
842 2324 980 2409 imperio
1004 2323 1061 2388 ob-

78 2425 192 2490 tinuit.
216 2447 317 2512 quam
339 2428 375 2491 in
397 2448 483 2513 pace
506 2427 688 2494 crudeliter
717 2449 887 2514 avareque
910 2428 1060 2494 vastavit

81 2538 114 2594 et
139 2528 182 2593 ob
205 2528 241 2595 id
266 2530 307 2595 de
330 2531 525 2618 repetundis
549 2531 739 2619 postulatus
771 2554 792 2598 a
816 2530 964 2598 Caesare
985 2553 1060 2617 pro·

78 2641 192 2698 tectus
227 2643 293 2716 est,
327 2657 370 2700 ns
402 2634 630 2702 damnaretur.
665 2635 791 2702 Romae
816 2635 1002 2702 ditissimus
1026 2637 1061 2700 in

79 2737 148 2802 otio
179 2737 287 2802 vitam
313 2737 434 2805 finivit.
480 2760 582 2825 opera
611 2739 774 2804 historica
803 2748 880 2824 post
903 2737 1061 2818 Caesaris

78 2849 221 2906 mortem
242 2845 438 2928 composuit.
461 2845 634 2930 pertinent
656 2843 721 2910 huc
743 2842 869 2909 bellum
891 2841 1061 2926 Catilinae

80 2952 112 3007 et
136 2943 263 3008 bellum
285 2944 522 3028 Iugurthinum
551 2956 584 3011 et
613 2945 830 3012 historiarum
858 2944 938 3010 libri
966 2947 1061 3032 quin-

79 3069 152 3134 que,
177 3047 235 3133 qui
251 3069 365 3114 omnes
380 3059 517 3134 praeter
540 3058 699 3135 quattuor
723 3051 893 3116 orationes
912 3049 1061 3136 duasque

78 3149 244 3236 epistulas
268 3161 301 3217 et
323 3151 488 3220 lacunosa
510 3153 702 3237 fragmenta
725 3154 908 3238 perierunt.
932 3152 1059 3218 bellum

78 3251 252 3318 Catilinae
275 3263 309 3320 et
331 3255 456 3322 bellum
479 3255 717 3340 Iugurthinum
740 3263 890 3322 exstant.

180 3356 292 3422 Minor
307 3359 458 3444 aequalis
475 3357 650 3426 Ciceronis
667 3357 843 3425 Cornelius
858 3358 970 3443 Nepos
986 3357 1060 3442 fuit,

79 3459 173 3524 cuius
202 3462 316 3546 patris
345 3459 460 3528 Callia
488 3462 656 3549 cisalpina
680 3471 771 3546 erat,
806 3483 908 3547 quare
930 3459 1059 3526 Plinius

79 3564 186 3627 maior
215 3585 289 3628 eum
318 3565 403 3630 Padi
432 3565 585 3632 accolam
615 3566 812 3632 nominavit.
858 3586 1060 3651 quamquam
