2534 4084
196 311 238 378 30
532 316 704 369 CORNELII
722 317 844 369 TACI'PI

196 501 252 569 dia
276 527 314 570 eo
338 508 485 590 tegmine
500 507 623 593 pedum
646 506 857 573 induebatur.
882 506 942 572 sed
964 506 1047 572 nihil
1063 529 1197 594 aeque

143 623 168 664 ¹⁵
193 606 288 673 flexit
311 631 410 695 quam
439 609 567 675 invidia
596 612 631 675 in
653 609 834 676 Treveros:
863 619 961 675 orant
990 609 1196 695 obsistunt,

193 711 319 777 rediret
341 723 501 796 maneret,
525 735 604 799 pars
619 712 829 799 Agrippinae
846 722 1072 796 occursantes,
1098 713 1195 799 plu-

192 817 268 880 rimi
291 815 335 880 ad
352 813 589 881 Germanicum
611 819 766 900 regressi.
791 819 885 904 isque
907 827 945 882 ut
961 827 1032 882 erat
1048 837 1194 882 recens

193 917 307 984 dolore
331 929 363 984 et
387 922 447 1004 ira,
472 919 562 1005 apud
585 920 803 985 circumfusos
827 923 876 985 ita
899 922 1019 1006 eoepit.

296 1021 347 1086 42.
366 1021 454 1088 ‘Non
476 1023 558 1088 mihi
580 1045 667 1089 uxor
689 1034 748 1089 aut
769 1023 858 1089 filius
880 1033 978 1109 patre
1001 1033 1034 1088 et
1055 1045 1091 1089 re
1111 1047 1189 1110 pu-

190 1125 282 1191 bliea
305 1129 453 1192 cariores
476 1137 569 1211 sunt,
599 1127 659 1193 sed
687 1127 780 1192 illum
808 1126 943 1214 quidem
973 1149 1031 1192 sua
1063 1131 1189 1193 maie·

191 1240 280 1314 stas,
310 1230 485 1316 imperium
512 1230 698 1296 Romanum
721 1233 825 1295 oeteri
853 1231 1022 1296 exercitus
1052 1227 1184 1296 defen·

191 1332 280 1398 dent.
305 1335 482 1417 coniugem
512 1344 544 1399 et
567 1332 691 1400 liberos
719 1355 827 1417 meos,
856 1355 938 1421 quos
966 1355 1026 1419 pro
1055 1330 1183 1415 gloria

150 1453 163 1492 ⁶
189 1445 304 1500 vestra
327 1434 435 1500 libens
460 1436 504 1501 ad
536 1437 675 1501 exitium
699 1436 864 1519 offerrem,
892 1458 982 1501 nuno
1003 1435 1125 1521 procul
1155 1461 1181 1502 a
1265 1495 1266 1526 ,

189 1537 377 1603 furentibus
412 1538 608 1623 submoveo,
641 1550 679 1605 ut
708 1539 871 1626 quidquid
899 1538 991 1604 istud
1025 1538 1178 1604 sceleris
1265 1613 1266 1620 ἵ

189 1643 347 1724 imminet,
371 1664 444 1706 meo
460 1653 592 1708 tantum
607 1645 773 1727 sanguine
787 1646 908 1729 pietur,
923 1665 1009 1708 neve
1026 1644 1174 1708 occisus

186 1744 333 1828 Augusti
355 1767 531 1832 pronepos,
555 1746 736 1812 interfecta
758 1746 887 1812 Tiberii
909 1769 1011 1812 nurus
1038 1767 1176 1813 noeen-

187 1851 289 1914 tiores
313 1872 373 1914 vos
396 1850 536 1915 faciant.
561 1849 642 1937 quid
670 1851 758 1915 enim
785 1873 846 1936 per
873 1850 932 1915 hos
964 1849 1035 1914 dies
1064 1851 1171 1916 inau-

135 1970 160 2008 ιο
186 1975 258 2017 sum
274 1955 551 2019 intemeratumve
566 1953 686 2018 vobis?
709 1953 799 2040 quod
820 1977 940 2019 nomen
954 1954 1033 2020 huie
1049 1959 1173 2021 coetui
1265 1975 1266 2032 f

187 2054 301 2120 dabo?
323 2056 491 2122 militesne
521 2056 701 2142 appellem,
732 2059 788 2143 qui
815 2056 921 2122 filium
950 2059 1171 2143 imperatoris

184 2161 290 2225 vestri
319 2159 409 2224 vallo
445 2170 478 2225 et
512 2162 614 2225 armis
650 2159 939 2226 circumsedistis?
975 2183 1019 2226 an
1055 2164 1170 2248 nivea,

185 2261 304 2350 quibus
338 2273 408 2329 tam
429 2265 581 2349 proiecta
611 2274 748 2329 senatus
773 2263 986 2329 auotoritas?
1013 2263 1169 2332 hostium

184 2389 313 2453 quoque
336 2369 387 2431 ius
412 2376 445 2432 et
467 2388 566 2432 saera
589 2366 770 2450 legationis
795 2359 829 2432 et
851 2367 902 2432 fas
927 2370 1076 2452 gentium
1103 2391 1166 2434 ru-

132 2486 156 2526 1⁵
182 2471 291 2555 pistis.
316 2468 412 2534 divus
434 2468 540 2535 Iulius
563 2469 763 2536 seditionem
786 2472 955 2536 exereitus
971 2469 1074 2536 verbo
1090 2493 1165 2537 uno
1264 2489 1265 2498 ²

183 2573 397 2658 compescuit,
414 2572 561 2653 Quirites
578 2572 732 2638 vocando
750 2575 807 2660 qui
824 2584 1070 2639 sacramentum
1086 2575 1164 2654 eius

183 2674 435 2740 detrectabant:
460 2675 555 2741 divus
571 2675 743 2760 Augustus
759 2677 856 2744 vultu
879 2688 911 2743 et
935 2687 1076 2762 aspectu
1090 2676 1164 2742 Ae·

181 2779 290 2842 tiaeas
314 2777 464 2862 legiones
488 2782 666 2845 exterruit:
694 2802 756 2846 nos
779 2791 817 2847 ut
838 2782 987 2847 nondum
1010 2780 1159 2865 eosdem,

181 2883 230 2947 ita
253 2904 296 2946 ex
320 2881 386 2946 illis
419 2893 509 2947 ortos
533 2884 562 2947 si
591 2883 778 2970 Hispaniae
802 2883 964 2950 Suriaeve
993 2883 1088 2949 mileo
1119 2907 1159 2949 a·

128 3002 154 3042 20
181 2996 411 3070 sperneretur,
434 2996 547 3051 tamen
569 2988 688 3052 mirum
717 2998 750 3052 et
772 2987 947 3072 indiguum
977 2997 1061 3052 erat.
1088 2989 1158 3074 pri·

179 3110 277 3154 mane
301 3099 334 3153 et
355 3091 540 3154 vicensima
563 3087 724 3174 legiones,
753 3089 814 3155 illa
838 3093 943 3175 signis
974 3113 995 3155 a
1017 3089 1157 3156 Tiberio

179 3194 344 3277 acceptis,
379 3203 416 3258 tu
448 3203 499 3258 tot
534 3192 735 3278 proeliorum
765 3195 874 3277 socia,
910 3203 960 3259 tot
993 3195 1155 3281 praemiis

178 3306 290 3378 aucta,
314 3297 486 3380 egregiam
503 3295 581 3361 duci
596 3307 708 3361 vestro
726 3299 872 3380 gratiam
886 3296 1043 3362 refertis?
1063 3297 1153 3362 huno

178 3419 241 3483 ego
263 3401 417 3464 nuntium
439 3401 540 3484 patri,
563 3399 655 3464 laeta
679 3401 791 3463 omnia
820 3398 896 3464 aliis
928 3401 1152 3485 eprovineiis

125 3517 151 3558 25
178 3500 344 3587 audienti,
372 3501 501 3567 feram?
531 3504 634 3587 ipsius
667 3503 810 3584 tirones,
839 3503 943 3589 ipsius
971 3513 1152 3568 veteranos

176 3626 244 3669 non
270 3605 445 3688 missione,
473 3627 540 3669 non
572 3603 716 3690 pecuniis
746 3607 904 3670 satiatos:
934 3604 990 3668 hio
1019 3605 1151 3671 tantum
