2530 4084
268 307 313 358 AB
332 307 496 360 EXCESSU
514 306 672 359 AUGUSTI
689 308 739 358 111.
759 309 869 360 62-65.
994 306 1055 372 151

70 499 230 581 moriam,
253 520 319 564 neu
343 499 454 584 speeie
474 497 649 583 religionis
673 499 707 563 in
723 498 941 564 ambitionem
965 497 1055 563 dela-

70 601 250 668 berentur.
1081 619 1107 660 ao
1164 611 1166 619 ’

183 705 235 769 64.
260 705 329 772 sub
363 706 453 772 idem
481 716 609 792 tempus
632 705 740 770 Iuliae
763 705 938 790 Augustae
966 705 1057 770 vale-

72 811 163 877 tudo
185 820 286 875 atrox
313 809 597 875 necessitudinem
626 809 770 895 principi
799 809 880 873 fecit
903 809 1057 873 festinati

73 917 110 979 in
146 913 267 979 urbem
300 912 440 995 reditus,
476 914 609 978 sincera
645 911 754 977 adhue
790 915 877 977 inter
915 922 1058 976 matrem

73 1017 250 1102 filiumque
266 1016 447 1081 concordia
472 1017 543 1081 sive
560 1015 701 1081 occultis
726 1016 821 1082 odiis.
845 1017 1058 1100 nequeenim

74 1120 185 1186 multo
219 1130 314 1203 ante,
349 1141 424 1185 oum
458 1119 549 1185 haud
585 1120 703 1207 procul
736 1120 868 1185 theatro
902 1118 1058 1184 Marcelli
1084 1135 1097 1175 ⁵

77 1225 227 1311 effigiem
252 1224 329 1289 divo
352 1223 507 1308 Augusto
523 1222 610 1288 Iulia
637 1225 777 1306 dicaret,
801 1223 915 1288 Tiberi
937 1245 1058 1288 nomen

78 1350 140 1392 suo
174 1329 449 1413 postsoripserat‚
484 1326 585 1413 idque
618 1327 677 1392 ille
712 1327 915 1394 credebatur
944 1339 982 1392 ut
1010 1331 1059 1393 in·

77 1432 184 1497 serius
218 1433 398 1496 maiestate
431 1432 595 1517 principis
631 1432 729 1514 gravi
770 1440 803 1496 et
845 1431 1058 1497 dissimulata

79 1535 263 1600 offensione
286 1533 470 1600 abdidisse.
496 1533 555 1599 sed
577 1545 648 1599 tum
666 1533 829 1619 supplicia
847 1535 898 1599 dis
921 1535 1058 1621 ludique

80 1642 196 1724 magni
219 1638 263 1704 ab
289 1647 409 1704 senatu
439 1639 680 1722 decernuntur,
710 1658 792 1723 quos
820 1640 995 1724 pontifices
1026 1650 1058 1704 et
1086 1654 1111 1693 1⁰

80 1765 226 1828 augures
251 1753 283 1809 et
307 1743 565 1829 quindecimviri
594 1744 804 1828 septemviris
829 1742 927 1808 simul
951 1754 983 1808 et
1009 1765 1059 1807 so-

82 1847 215 1914 dalibus
239 1847 485 1932 Augustalibus
510 1847 659 1912 ederent.
689 1855 866 1911 censuerat
889 1846 930 1911 L.
954 1845 1060 1932 Apro·

80 1954 172 2035 nius,
210 1961 247 2016 ut
282 1950 415 2017 fetiales
450 1974 579 2039 quoque
614 1953 655 2016 iis
691 1950 780 2016 ludis
814 1950 1058 2037 praesiderent.

82 2067 200 2121 contra
226 2054 313 2120 dixit
336 2054 477 2138 Caesar,
509 2055 668 2120 distincto
694 2055 960 2120 sacerdotiorum
989 2055 1061 2118 iure

82 2167 116 2223 et
138 2159 291 2244 repetitis
317 2157 493 2243 exemplis:
516 2181 624 2243 noque
648 2160 736 2223 enim
758 2179 916 2243 umquam
938 2156 1060 2222 fetiali·
1089 2172 1114 2211 1³

81 2262 144 2327 bus
166 2262 231 2327 hoc
255 2263 444 2326 maiestatis
468 2263 583 2327 fuisse.
619 2263 693 2327 ideo
717 2261 924 2346 Augustales
949 2261 1060 2325 adiec-

83 2375 145 2449 tos,
170 2367 249 2452 quia
272 2367 443 2451 proprium
466 2368 538 2431 eius
564 2366 679 2432 domus
705 2366 931 2433 sacerdotium
961 2373 1060 2447 esset,

82 2491 141 2555 pro
166 2493 232 2555 qua
256 2479 336 2535 vota
357 2470 639 2557 persolverentur.

189 2571 240 2636 65.
263 2573 414 2659 Exsequi
438 2575 624 2638 sententias
648 2572 739 2638 haud
762 2574 895 2638 institui
918 2573 984 2638 nisi
1013 2573 1062 2636 in-

85 2679 199 2762 signes
223 2699 283 2762 per
305 2676 482 2742 honestum
504 2685 563 2741 aut
591 2676 737 2741 notabili
762 2677 942 2759 dedecore,
973 2675 1062 2762 quod

84 2782 304 2866 praecipuum
335 2804 455 2845 munus
490 2779 663 2846 annalium
703 2802 801 2864 reor,
841 2803 884 2845 ne
917 2781 1060 2844 virtutes

84 2883 259 2964 sileantur,
282 2891 385 2968 utque
399 2885 514 2970 pravis
540 2883 640 2949 dictis
664 2884 832 2970 factisque
856 2905 898 2948 ex
920 2883 1061 2968 posteri-

84 2999 154 3053 tate
185 2996 218 3052 et
247 2988 386 3052 infamia
409 2996 519 3053 metus
548 2989 601 3053 sit.
648 2998 796 3052 ceterum
823 2997 974 3072 tempora
1003 2985 1062 3050 illa
1090 3007 1103 3049 s

84 3093 169 3158 adeo
194 3091 323 3157 inlecta
352 3101 384 3156 et
409 3091 605 3157 adulatione
635 3091 773 3157 sordida
797 3091 900 3172 fuere,
929 3099 967 3154 ut
995 3112 1063 3154 non

83 3197 181 3261 modo
205 3196 367 3281 primores
391 3197 554 3278 civitatis,
580 3195 699 3281 quibus
724 3194 891 3260 claritudo
922 3215 982 3258 sua
1007 3193 1063 3258 ob-

86 3300 211 3385 sequiis
245 3298 456 3385 protegenda
492 3307 581 3382 erat,
617 3298 677 3363 sed
712 3321 825 3363 omnes
856 3296 1062 3378 consulares,

83 3423 208 3487 magna
239 3425 318 3488 pars
354 3424 467 3467 eorum
498 3404 554 3488 qui
577 3411 736 3487 praetura
766 3402 873 3466 suncti
901 3399 1063 3486 multique

84 3507 186 3572 etiam
207 3506 338 3593 pedarii
362 3514 537 3570 senatores
561 3506 718 3571 certatim
748 3513 969 3587 exsurgerent
991 3502 1060 3566 foe·
1091 3526 1116 3566 10

85 3609 193 3696 deque
217 3618 250 3676 et
277 3610 381 3675 nimia
404 3617 590 3674 censerent.
625 3609 804 3674 memoriae
828 3605 982 3692 proditur
1004 3605 1060 3670 Ti-
