2552 4084
282 312 327 362 AB
346 311 508 364 EXCESSU
526 312 685 363 AUGUSTI
703 313 723 364 l.
743 311 854 366 bt-ue.
1014 313 1053 375 41

54 509 195 567 secuta
221 509 309 585 sunt,
341 499 455 568 defleri
475 504 585 587 magis
609 523 709 588 quam
733 501 869 568 defendi
896 511 1057 588 possunt:

54 615 228 670 ceterum
257 613 290 669 et
320 605 421 670 inieci
449 614 590 671 catenas
613 605 766 670 Arminio
801 613 834 669 et
858 628 878 669 a
908 606 1056 672 factione
1084 622 1110 662 1⁵

56 712 141 775 eins
170 710 318 773 iniectas
334 731 512 795 perpessus
537 732 619 774 sum.
644 719 745 794 atque
768 708 826 773 ubi
841 711 984 794 primum
1006 713 1058 775 tui

57 815 185 898 eopia,
211 822 327 878 vetera
350 815 447 878 novis
478 823 511 879 et
535 816 649 899 quieta
677 812 824 878 turbidis
855 813 1056 896 antehabeo,

57 937 183 1009 neque
209 915 252 980 ob
274 918 469 1001 praemium,
493 916 554 982 sed
576 926 613 982 ut
635 941 689 982 me
711 917 853 1004 perfidia
870 916 1057 1000 exsolvam,

60 1018 174 1084 simul
207 1021 301 1102 genti
325 1016 567 1086 Germanorum
602 1021 742 1086 idoneus
772 1020 990 1105 conciliator,
1029 1023 1058 1086 si

60 1123 323 1209 paenitentiam
339 1144 438 1208 quam
452 1125 637 1208 perniciem
651 1123 819 1189 maluerit.
842 1146 901 1209 pro
919 1125 1057 1190 iuventa
1084 1137 1109 1177 2⁰

62 1235 99 1290 et
126 1246 247 1290 errore
261 1225 323 1290 filii
337 1227 472 1290 veniam
487 1248 621 1312 precor:
644 1226 749 1292 filiam
771 1229 977 1293 necessitate
992 1228 1057 1294 huc

64 1329 262 1395 adductam
276 1331 395 1395 fateor.
418 1339 512 1396 tuum
527 1333 592 1396 erit
607 1330 811 1414 consultare,
835 1341 947 1397 utrum
961 1354 1057 1418 prae·

64 1432 202 1516 valeat,
226 1433 316 1519 quod
338 1457 381 1499 ex
403 1434 554 1500 Arminio
578 1439 732 1521 concepit
756 1460 801 1501 an
824 1437 913 1522 quod
936 1458 979 1502 ex
1005 1458 1058 1500 me

67 1539 193 1621 genita
212 1537 283 1602 est.’
313 1536 442 1604 Caesar
464 1537 623 1604 clementi
645 1562 806 1625 responso
842 1540 959 1605 liberis
982 1561 1057 1626 pro-

67 1642 278 1727 pinquisque
312 1643 383 1706 eius
408 1641 690 1725 incolumitatem,
719 1646 784 1730 ipsi
807 1643 921 1709 sedem
943 1652 1058 1708 vetere
1085 1667 1111 1708 re

69 1747 106 1809 in
132 1747 311 1829 provincia
333 1744 523 1831 pollicetur.
549 1748 734 1812 exercitum
756 1746 892 1813 reduxit
920 1769 1056 1813 nomen-

70 1869 140 1932 que
177 1849 391 1933 imperatoris
415 1858 553 1914 auctore
574 1849 710 1915 Tiberio
734 1852 875 1936 accepit.
913 1850 1058 1916 Arminii

70 1973 163 2016 uxor
186 1951 295 2018 virilis
313 1975 413 2018 sexus
438 1955 577 2039 stirpem
601 1954 724 2019 edidit:
749 1954 910 2019 educatus
926 1955 1057 2018 Raven-

71 2077 141 2120 nae
175 2076 259 2140 puer
288 2076 350 2142 quo
385 2079 465 2122 mox
497 2056 644 2122 ludibrio
679 2058 892 2123 conflictatus
928 2060 988 2139 sit,
1005 2069 1008 2088 “
1023 2058 1056 2121 in

72 2167 227 2244 tempore
249 2159 452 2226 memorabo.
1083 2185 1110 2226 oo

181 2260 234 2327 59.
256 2262 365 2328 Fama
389 2262 497 2328 dediti
518 2263 730 2350 benigneque
754 2265 889 2349 excepti
905 2262 1056 2348 Segestis

74 2363 238 2449 vulgata,
261 2374 297 2431 ut
320 2365 506 2453 quibusque
533 2366 659 2432 bellum
686 2369 804 2432 invitis
834 2376 892 2432 aut
922 2368 1056 2452 cupien-

75 2467 168 2533 tibus
199 2478 289 2552 erat,
325 2491 384 2555 spe
411 2469 466 2534 vel
504 2468 619 2535 dolore
650 2472 825 2556 accipitur.
870 2468 1058 2535 Arminium

77 2593 179 2657 super
201 2573 339 2637 insitam
353 2572 552 2638 violentiam
566 2583 665 2659 rapta
681 2596 777 2657 uxor,
801 2572 971 2639 subiectus
989 2597 1057 2638 ser-

76 2677 161 2740 vitio
190 2678 306 2741 uxoris
336 2685 450 2742 uterus
473 2677 651 2742 vecordem
679 2677 845 2761 agebant,
873 2676 1056 2741 volitabat·
1083 2703 1096 2743 o

77 2801 140 2864 que
162 2777 231 2865 sper
253 2778 457 2863 Cheruscos,
489 2803 583 2846 arma
618 2783 653 2845 in
677 2780 859 2865 Segestem,
894 2801 987 2846 arma
1021 2783 1054 2845 in

77 2882 259 2949 Gaesarem
271 2906 424 2970 poscens.
446 2907 554 2971 neque
566 2885 698 2971 probris
711 2884 939 2972 temperabat:
963 2905 1051 2969 egre·

77 2989 170 3070 gium
187 2995 329 3072 patrem,
348 3008 506 3072 magnum
524 2990 770 3073 imperatorem,
789 2989 908 3055 fortem
928 2990 1057 3053 exerci-

76 3099 157 3173 tum,
171 3111 309 3175 quorum
320 3099 371 3155 tot
383 3112 501 3156 manus
513 3114 615 3158 unam
626 3090 857 3156 mulierculam
868 3091 1057 3156 avexerint.

77 3193 143 3258 sibi
179 3201 248 3260 tres
282 3193 452 3278 legiones,
486 3195 629 3260 totidem
657 3195 790 3279 legatos
818 3193 1109 3281 procubuisse31o

76 3319 143 3361 non
176 3298 264 3361 enim
293 3319 329 3362 se
358 3295 550 3383 proditione
583 3320 691 3384 neque
721 3297 883 3365 adversus
912 3299 1055 3363 feminas

77 3399 250 3484 gravidas,
274 3400 336 3466 sed
349 3400 464 3487 palam
479 3400 644 3466 adversus
662 3410 809 3467 armatos
826 3400 952 3467 bellum
965 3410 1056 3465 trao-

76 3513 161 3570 tare.
185 3504 278 3568 cerni
302 3503 412 3569 adhuc
437 3501 681 3571 Germanorum
704 3505 739 3570 in
761 3504 847 3570 lucis
871 3506 969 3588 signa
991 3503 1056 3569 Ro-

77 3629 187 3692 mana,
205 3628 290 3694 quae
307 3606 359 3673 dis
377 3609 499 3694 patriis
517 3608 739 3695 suspenderit.
756 3607 883 3674 coleret
899 3606 1056 3693 Segestes
