2530 4084
252 297 300 346 sn
318 285 481 348 excussu
499 296 658 348 nuousrr
676 297 712 346 11.
733 300 845 349 so-ra.
998 297 1057 364 101

45 487 198 553 vestris
226 486 395 574 relinquo:
424 487 580 554 referatis
614 475 706 574 patri
728 501 768 553 ac'
785 481 907 572 tratri,
937 483 1057 575 quibus

47 590 331 657 acerbitatibus*
352 590 575 674 dilaceratus,
610 591 730 677 quibus
760 593 894 657 insidiis
915 587 1065 658 circum-¹

46 706 194 760 ventus
223 696 445 759 miserrimam
468 697 574 760 vitam
596 697 744 780 pessima
773 691 881 761 morte
902 695 1065 762 finierim·
1084 715 1110 755 1⁰

51 800 84 862 si
132 819 228 884 quos
258 820 331 883 spes
359 819 474 882 meae,
505 799 534 863 si
563 821 645 885 quos
673 801 877 885 propinquus
910 803 1058 884 sanguis,

52 905 180 968 etiarn
198 925 281 988 quos
299 903 427 967 invidia
449 924 530 986 erga
546 905 716 969 viventem
731 899 899 987 movebat,
923 904 1064 968 inlacri·'

52 1007 220 1072 mabunt
243 1006 411 1090 quondam
432 1007 605 1072 florentem
628 1016 660 1073 et
684 1016 735 1072 tot
758 1007 922 1072 bellorum
945 1029 1057 1093 super-

56 1111 194 1176 stitem
216 1109 372 1174 muliebri
401 1109 521 1175 fraude
545 1110 719 1175 cecidisse.
751 1103 815 1176 erit
837 1110 934 1175 vobis
963 1110 1056 1175 locus

56 1212 241 1300 querendi
264 1214 355 1299 apud
378 1197 541 1297 senatum,
564 1215 748 1280 invocandi
770 1215 874 1299 leges.
904 1235 971 1279 non
993 1214 1057 1278 hoc
1085 1233 1109 1272 1⁵

53 1317 295 1402 praecipuum
317 1319 500 1382 amicorum
513 1341 633 1383 munus
657 1328 718 1401 est,
741 1320 897 1405 prosequi
922 1317 1057 1382 defunc-

59 1431 148 1486 tum
169 1420 298 1503 ignavo
322 1429 457 1506 questu,
482 1420 543 1485 sed
561 1411 656 1507 'quac
678 1415 824 1486 volucrit
854 1423 1057 1504 meminisse,

60 1537 164 1609 quac
206 1522 420 1588 mandaverit
459 1526 608 1611 exsequi.
653 1524 781 1590 flebunt
820 1523 1057 1589 Germanicum

61 1631 183 1718 etiam
204 1629 329 1711 ignoti:
352 1613 572 1694 vindicabitis
595 1650 668 1712 vos,
692 1630 721 1692 si
743 1650 795 1692 me
818 1629 930 1713 potius
956 1649 1057 1715 quam

62 1732 248 1797 fortunam
263 1753 372 1795 meam
387 1731 565 1797 fovebatis.
583 1724 752 1797 ostendite
766 1729 888 1817 populo
904 1730 1054 1796 Romano
1083 1749 1108 1789 so

65 1835 146 1899 divi
170 1833 318 1917 Augusti
341 1844 475 1920 neptem
498 1835 705 1921 eandemque
736 1831 914 1918 coniugem
936 1856 1055 1917 meam,

64 1947 252 2002 numerate
269 1960 329 2001 sex
351 1937 486 2002 liberos.
509 1937 743 2003 misericordia
767 1959 842 2003 cum
866 1939 1055 2002 accusanti-

68 2041 138 2106 bus
163 2043 238 2122 erit,
259 2039 530 2126 fingentibusque
555 2041 698 2107 scelesta
721 2040 884 2107 mandata
908 2051 1055 2106 autnon

68 2144 217 2210 credent
257 2133 406 2209 homines
447 2154 505 2210 aut
544 2167 612 2210 non
652 2142 848 2229 ignoscent?
900 2147 1055 2209 iuravere

69 2249 188 2330 amici,
226 2247 382 2312 dextram
414 2249 586 2312 morientis
621 2251 866 2333 contingentes,
901 2250 1054 2334 spiritum
1082 2266 1108 2306 25

70 2363 159 2418 ante
184 2373 283 2437 quam
305 2351 465 2417 ultionem
488 2354 680 2418 amissuros.

181 2453 341 2522 72.·Tum
359 2454 414 2520 'ad
446 2477 584 2521 uxorem
618 2451 735 2521 versus
769 2478 829 2542 per
860 2457 1056 2522 memoriam

72 2543 216 2643 sui,‘per
231 2569 420 2626 communes
437 2557 562 2622 liberos
579 2561 698 2636 oravit,
724 2570 860 2624 exueret
883 2559 1054 2641 ferociam,

72 2662 243 2726 saevienti
272 2660 428 2725 fortunae
458 2659 668 2726 submitteret
704 2663 866 2745 animum,
903 2684 971 2726 neu
1003 2685 1053 2727 re-

71 2751 252 2847 gressa‘in
279 2752 645 2830 urbem'aernulatione
672 2767 845 2851 potentiae
868 2765 1050 2830 validiores

71 2867 241 2931 inritaret.
286 2864 370 2930 haec
398 2865 511 2950 palam
540 2876 573 2932 et
602 2867 671 2932 alia
701 2877 829 2932 secreto
838 2915 847 2947 ,
876 2889 936 2952 per
965 2891 1051 2954 quae
1077 2879 1090 2925 ὅ

73 2968 252 3035 ostendere
288 2968 500 3036 credebatur*
519 2979 643 3036 metum
676 2995 719 3035 ex
753 2971 899 3036 Tiberin.
944 2993 1053 3058 neque

72 3073 178 3138 multo
201 3081 277 3157 post
301 3074 542 3156 exstinguitur,
572 3076 702 3158 ingenti
731 3073 826 3139 luctu
858 3077 1053 3160 provinciae

73 3188 106 3241 ct
130 3167 440 3241 circumiacentium
461 3175 667 3263 populorum.
713 3176 886 3243 indoluere
915 3183 1051 3244 exterae

73 3282 230 3345 nationes
242 3299 418 3364 regesque:
434 3288 535 3345 tanta‘
548 3280 601 3345 illi
615 3282 757 3346 comitas
771 3283 806 3345 in
824 3283 942 3362 socios,
959 3303 1051 3346 man-

75 3383 215 3449 suetudo
231 3384 266 3448 in
280 3377 410 3466 'hostis3
433 3383 572 3470 visuque
596 3387 629 3448 et
652 3384 771 3450 auditu
793 3386 888 3449 iuxta
911 3405 1050 3449 venera·
1077 3405 1104 3444 ro

75 3488 162 3571 bilis,
178 3506 254 3558 cum
268 3487 536 3571 magnitudinem
553 3499 586 3552 et
603 3489 808 3571 gravitatem
824 3507 970 3553 summae
986 3485 1051 3550 for-

77 3603 175 3658 tunae
190 3593 361 3675 retineret,
381 3591 544 3657 invidiam
567 3601 600 3656 et
622 3590 860 3674 adrogantiam
876 3587 1048 3671 effirgerat.
