2552 4084
237 293 278 358 48
571 291 748 343 CORNELII·
763 290 884 343 Tuom
936 335 940 343 .

197 508 211 547 ε
238 484 407 567 guiomerc
432 494 466 548 et
488 483 577 548 laeta
601 481 768 566 barbaris,
797 494 835 548 ut
857 483 985 548 vallum
1015 485 1120 549 armis
1154 507 1224 548 am·
1265 531 1266 556 ,

236 586 363 652 birent:
386 596 573 673 promptam
597 588 890 674 expugnationem,
913 586 1025 673 plures
1049 589 1223 674 captivos,

236 693 464 776 incorruptam
479 690 642 776 praedam
656 691 738 757 fore.
762 692 867 774 igitur
890 701 965 756 orta
983 691 1037 756 die
1051 703 1221 777 proruunt

235 796 355 877 fossas,
379 796 521 859 iniciunt
545 803 666 878 crates,
692 817 820 859 summa
835 793 919 860 valli
942 805 1116 881 prensant,
1140 819 1222 861 raro

236 920 335 984 super
357 896 463 963 milite
487 907 519 962 et
543 900 640 984 quasi
663 897 705 963 ob
729 906 854 962 metum
878 897 1000 962 defixo.
1036 909 1223 985 postquam

185 1026 209 1062 rc
236 1001 375 1066 haesere
398 1003 623 1084 munimentis,
649 1000 749 1066 datur
773 999 966 1066 cohortibus
984 1003 1119 1085 signum
1142 1025 1220 1068 eor·

235 1127 367 1191 nuaque
391 1125 431 1170 ac
455 1105 557 1170 tubae
580 1107 791 1170 concinuere.
816 1106 906 1169 exim
924 1103 1072 1171 clamore
1096 1115 1133 1170 et
1154 1106 1219 1170 im·

235 1219 314 1294 petu
341 1208 447 1291 tergis
472 1205 715 1272 Germanorum
744 1207 1067 1290 circumfunduntur,
1096 1231 1220 1295 expro-

234 1311 374 1378 brantes
403 1333 472 1376 non
499 1310 555 1377 hic
584 1311 688 1376 silvas
718 1333 781 1378 nec
807 1310 964 1398 paludes,
1001 1311 1061 1377 sed
1093 1315 1218 1400 aequis

235 1416 320 1482 locis
343 1435 467 1501 aequos
493 1414 582 1479 deos.
605 1413 696 1478 hosti
719 1414 821 1480 facile
837 1414 1008 1481 excidium
1032 1426 1065 1482 et
1087 1439 1219 1502 paucos

183 1543 208 1582 15
235 1544 276 1586 ac
300 1541 479 1586 semermos
502 1521 669 1603 cogitanti
698 1540 798 1584 sonus
822 1518 996 1603 tubarum,
1018 1518 1134 1603 fulgor
1162 1544 1219 1586 ar-

233 1647 371 1708 morum,
395 1632 520 1711 quanto
544 1625 691 1710 inopina,
716 1633 811 1689 tanto
835 1625 963 1689 maiora
988 1623 1218 1706 offimduntur,

234 1728 479 1814 cadebantque,
502 1738 539 1793 ut
561 1727 661 1792 rebus
685 1727 843 1792 secundis
859 1727 962 1810 avidi,
985 1729 1035 1793 ita
1059 1725 1218 1792 adversis

234 1833 371 1898 incauti.
395 1832 566 1897 Arminius
589 1833 730 1916 integer,
754 1831 985 1915 Inguiomerus
1008 1842 1085 1918 post
1107 1851 1217 1915 grave
1265 1839 1266 1842 ’

233 1935 354 2001 vulnus
375 1956 526 2023 pugnam
550 1934 743 2000 deseruere:
774 1933 896 2018 vulgus
919 1935 1128 2025 trucidatum
1152 1947 1216 2016 est,

181 2061 207 2100 ao
235 2039 341 2106 donec
364 2041 415 2105 ira
431 2050 465 2104 et
481 2039 552 2104 dies
575 2040 770 2124 permansit.
794 2049 893 2104 nocte
910 2038 1042 2104 demum
1056 2061 1216 2105 reversae

233 2143 393 2227 legiones,
418 2144 569 2230 quamvis
593 2141 666 2228 plus
690 2141 884 2225 vulnerum,
914 2141 1032 2212 eadem
1061 2142 1216 2208 ciborum

234 2257 368 2332 egestas
392 2248 564 2331 fatigaret,
587 2247 656 2311 vim
679 2247 862 2311 sanitatem
877 2247 1004 2333 copias,
1028 2255 1156 2312 cuncta
1178 2248 1215 2310 in

232 2353 376 2417 victoria
398 2350 557 2416 habuere.

337 2451 387 2519 69.
411 2454 612 2519 Pervaserat
636 2456 770 2519 interim
793 2455 1015 2521 circumventi
1039 2456 1213 2520 exercitus
1263 2463 1264 2472 ‘

232 2560 322 2624 fama
346 2568 378 2624 et
402 2558 524 2623 infesto
548 2555 792 2623 Germanorum
815 2559 950 2642 agmine
974 2555 1107 2621 Gallias
1129 2560 1212 2644 peti,

233 2686 274 2728 ac
297 2664 334 2727 ni
362 2662 549 2748 Agrippina
591 2663 772 2748 inpositum
801 2662 917 2728 Rheno
951 2670 1088 2748 pontem
1123 2661 1212 2728 solvi

231 2764 467 2852 prohibuisset,
492 2773 589 2830 erant
613 2767 670 2852 qui
692 2765 729 2830 id
750 2765 915 2850 flagitium
945 2764 1124 2832 formidine
1153 2789 1210 2831 au·

192 2888 205 2927 ⁵
233 2869 361 2934 derant.
386 2867 447 2933 sed
468 2868 593 2933 femina
615 2870 734 2953 ingens
759 2870 864 2933 animi
886 2870 1000 2935 munia
1024 2868 1120 2935 ducis
1151 2891 1212 2956 per

231 2995 287 3038 eos
306 2972 376 3037 dies
393 2972 512 3054 induit,
535 2971 774 3060 militibusque,
796 2984 834 3038 ut
856 2974 929 3059 quis
946 2974 1041 3059 inops
1058 2981 1117 3038 aut
1134 2995 1211 3038 sau-

231 3079 313 3158 cius,
337 3086 464 3141 vestem
481 3085 514 3140 et
529 3075 678 3142 fomenta
696 3075 857 3160 dilargita
874 3087 934 3142 est.
958 3075 1066 3142 tradit
1088 3073 1126 3141 O.
1143 3074 1210 3141 Pli-
1261 3121 1262 3144 1

229 3182 315 3264 nius,
329 3177 606 3245 Germanicorum
621 3179 785 3244 bellorum
800 3181 953 3266 scriptor,
970 3181 1107 3246 stetisse
1118 3179 1210 3266 apud

229 3285 429 3370 principium
450 3283 573 3368 pontis,
596 3281 714 3347 laudes
739 3292 772 3346 et
796 3291 910 3366 grates
933 3284 1079 3350 reversis
1102 3282 1207 3367 legio-

180 3405 203 3444 10
230 3387 327 3452 nibus
358 3385 548 3452 habentem.
586 3385 622 3451 id
644 3385 771 3452 Tiberii
801 3388 949 3452 animum
976 3385 1079 3452 altius
1108 3409 1206 3473 penc-

230 3492 351 3556 travit:
373 3511 441 3555 non
465 3491 554 3555 enim
577 3489 744 3576 simplices
768 3512 827 3555 eas
856 3511 966 3574 ouras,
995 3512 1058 3555 nec
1087 3489 1206 3555 adver-

228 3617 285 3659 sus
309 3603 466 3659 externos
489 3592 633 3659 militum
655 3592 768 3659 studia
790 3595 918 3679 quaeri.
940 3593 1024 3659 nihil
1047 3592 1203 3659 relietum
