2500 4084
243 325 289 376 AB
307 323 470 376 EXCESSU
487 320 645 374 AUGUSTI
663 321 709 374 IV.
728 321 838 374 29-32.
972 319 1041 388 ης),

149 515 212 586 31.
233 517 298 586 His
322 525 393 582 tam
409 515 563 581 adsiduis
586 524 722 600 tamque
737 513 875 602 maestis
899 512 1031 591 modica

42 618 190 686 laetitia
227 621 433 705 intericitur,
468 618 559 706 quod
591 616 628 684 O.
664 615 854 684 Cominium
890 617 1035 702 equitem

42 723 256 808 Romanum,
293 723 447 810 probrosi
485 725 520 789 in
558 746 595 788 se
632 723 792 788 carminis
830 721 1034 817 convictum,

42 825 185 892 Caesar
198 827 354 913 precibus
370 827 498 911 fratris,
523 829 579 913 qui
595 835 732 891 senator
748 833 831 904 erat,
855 823 1034 889 concessit.

44 952 114 1016 quo
141 932 253 1014 magis
275 931 396 996 mirum
419 928 609 996 habebatur
625 951 769 1014 gnarum
789 925 975 1010 meliorum,
998 933 1032 990 et
1059 938 1075 1018 ⁵¹

44 1057 139 1119 quae
164 1033 255 1099 fama
278 1034 496 1100 elementiam
519 1043 723 1120 sequeretur,
748 1032 900 1097 tristiora
915 1027 1033 1103 malle.

44 1159 163 1224 neque
186 1140 274 1204 enim
299 1138 455 1204 socordia
478 1136 673 1224 peccabat,
692 1157 755 1201 uec
780 1133 951 1200 occultum
973 1141 1034 1216 est,

46 1241 189 1327 quando
224 1261 268 1307 ex
299 1243 462 1325 veritate,
495 1239 629 1327 quando
664 1237 867 1305 adumbrata
900 1235 1035 1302 laetitia

45 1345 150 1411 facta
171 1346 412 1431 imperatorum
433 1343 658 1412 celebrentur.
704 1343 784 1429 quin
807 1343 1035 1428 ipse„conpo·

48 1451 140 1514 situs
165 1449 252 1514 alias
276 1460 309 1516 ct
331 1449 425 1515 velut
441 1447 662 1515 eluctantium
677 1445 865 1529 verborum,
888 1443 1030 1509 solutius
1059 1458 1085 1498 1⁰

48 1553 307 1639 promptiusque
325 1552 559 1639 eloquebatur,
584 1553 737 1638 quotiens
768 1549 973 1632 subveniret.
997 1557 1033 1612 at

48 1657 86 1720 P.
112 1654 285 1742 Suillium,
308 1667 521 1744 quaestorem
543 1654 712 1742 quondam
729 1652 934 1736 Germanici,
958 1673 1033 1717 cum

47 1756 157 1823 Italia
187 1769 360 1825 arceretur
382 1760 558 1825 convictus
591 1758 769 1845 pecuniam
803 1755 845 1821 ob
880 1779 951 1821 rem
981 1757 1029 1820 iu-

53 1860 240 1928 dicandam
270 1864 416 1949 cepisse,
448 1860 671 1927 amovendum
701 1860 736 1926 in
766 1858 912 1948 insulam
949 1881 1026 1924 cen·

52 1967 139 2048 suit,
168 1974 266 2031 tanta
304 1967 521 2031 contentione
560 1966 678 2048 animi,
707 1973 744 2030 ut
778 1965 850 2029 iure
887 1963 1029 2051 iurando
1059 1977 1084 2017 1⁵

52 2067 284 2153 obstringeret
314 2091 332 2133 e
365 2091 402 2133 re
430 2067 569 2155 publica
597 2067 634 2132 id
664 2089 749 2132 esse.
796 2066 886 2153 quod
915 2089 1034 2153 aspere

52 2180 230 2257 acceptum
259 2171 305 2237 ad
333 2193 494 2258 praeseus
522 2193 601 2236 mox
629 2172 665 2235 in
693 2168 830 2235 laudem
851 2173 954 2237 vertit
982 2193 1033 2237 re-

53 2295 171 2357 gresso
196 2273 332 2358 Suillio;
361 2297 457 2361 quem
485 2275 573 2340 vidit
595 2295 738 2364 sequeus
768 2283 864 2339 aetas
892 2297 1032 2360 praepo-

53 2387 191 2460 tentem,
215 2377 370 2442 veualem
393 2387 427 2443 et
450 2375 586 2464 Claudii
614 2378 778 2464 principis
801 2378 952 2443 amicitia
976 2377 1033 2442 diu

52 2502 223 2568 prospere,
246 2480 535 2572 numquam‘beno
565 2504 672 2547 usum.
719 2480 836 2547 eadem
864 2503 973 2567 poena
997 2482 1032 2545 in
1060 2498 1090 2558 2⁰,

53 2582 176 2650 Catum
212 2585 376 2651 Firmium
416 2593 607 2651 senatorem
640 2586 821 2668 statuitur,
862 2594 1034 2671 tamquam

52 2687 150 2753 falsis
188 2689 378 2754 maiestatis
425 2687 621 2754 criminibus
661 2708 808 2753 sororem
844 2688 1033 2773 petivisset.

53 2790 168 2874 Catus,
183 2800 221 2856 ut
238 2789 366 2874 rettuli,
382 2790 548 2857 Libonem
564 2791 733 2857 inlexerat
748 2791 892 2873 insidiis,
911 2790 1033 2856 deinde

54 2895 181 2960 indicio
211 2893 414 2981 perculerat.
462 2897 532 2960 eius
562 2918 684 2983 operae
713 2917 838 2962 memor
866 2895 1031 2976 Tiberius,

54 2998 114 3063 sed
148 2997 217 3063 alia
249 2997 493 3085 praetendens,
535 2997 691 3064 exsilium
726 2997 924 3086 deprecatus
966 3008 1032 3063 est:
1059 3011 1084 3052 2⁵

49 3113 117 3188 ¹quo
141 3104 249 3167 minus
274 3111 395 3168 senatu
417 3101 600 3189 pelleretur
622 3125 689 3168 uon
713 3101 856 3168 obstitit.

156 3203 209 3270 32.
243 3204 408 3293 Pleraque
444 3229 573 3289 eorum,
610 3228 696 3292 quae
729 3205 847 3271 rettuli
880 3228 1032 3293 quaeque

54 3308 213 3390 referam,
240 3330 348 3394 parva
376 3309 520 3374 forsitan
543 3318 576 3374 et
599 3307 688 3374 levia
715 3318 904 3374 memoratu
922 3309 1033 3383 videri

55 3433 121 3476 non
144 3413 281 3477 nescius
310 3434 398 3486 sum:
429 3412 489 3479 sed
512 3435 609 3478 nemo
633 3413 775 3478 annales
799 3423 933 3480 nostros
957 3436 1032 3478 oum

58 3516 222 3602 scriptura
250 3536 367 3582 eorum
400 3517 631 3600 contenderit,
665 3519 721 3602 qui
751 3526 883 3583 veteres
917 3516 1032 3604 populi

57 3616 198 3684 Romani
213 3641 265 3685 res
279 3641 495 3706 conposuere.
511 3621 666 3706 ingentia
680 3618 731 3686 illi
742 3618 1031 3708 bella-expugna·
1058 3640 1071 3680 ⁵

931 3759 981 3811 12*
