2530 4084
280 332 326 382 sn
345 323 509 384 Excusso
526 330 685 382 ruousrr
704 328 749 380 rv.
771 294 846 379 1-t.
988 329 1046 392 161

55 525 193 592 femina
219 526 344 592 amissa
366 524 531 611 pudicitia
556 523 625 589 alia
648 523 836 605 abnuerit),
865 521 910 587 ad
933 521 1046 588 coniu-

56 630 106 712 gii
125 652 237 716 spem,
254 630 459 694 consortium
474 629 571 713 regni
587 638 621 694 et
635 649 753 693 necem
775 627 888 692 mariti
905 624 1046 711 impulit.
1077 647 1102 686 15

55 743 168 819 atque
185 732 256 817 illa,
280 735 335 799 cui
358 732 544 799 avunculus
560 731 744 816 Augustus,
770 754 866 798 socer
881 728 1047 812 Tiberius,

56 861 102 901 cx
138 837 257 904 Druso
291 837 405 921 liberi,
441 859 542 923 seque
576 860 616 902 ao
650 837 794 902 maiores
828 844 860 900 et
895 845 1047 920 posteros

56 941 263 1028 municipali
299 941 451 1007 adultero
475 940 651 1022 foedabat,
680 949 716 1004 ut
745 962 805 1025 pro
833 938 985 1004 honestis
1016 947 1049 1002 et

57 1046 303 1130 praesentibus
346 1045 518 1129 flagitiosa
565 1053 597 1109 et
643 1045 776 1110 incerta
823 1051 1047 1130 exspectaret.

59 1149 213 1212 sumitur
236 1149 269 1212 in
293 1149 536 1213 conscientiam
558 1146 740 1230 Eudemus,
764 1146 897 1222 amicus
918 1169 958 1211 ac
981 1169 1047 1211 me·
1075 1166 1100 1205 ao

61 1249 164 1316 dicus
189 1251 320 1336 Liviae,
346 1253 456 1338 specie
478 1254 562 1318 artis
586 1251 742 1338 frequens
768 1251 920 1316 secretis.
950 1249 1046 1336 pellit

61 1352 165 1419 domo
184 1352 325 1419 Seianus
349 1377 487 1420 uxorem
501 1353 693 1440 Apicatam,
719 1377 761 1418 ex
784 1376 849 1439 qua
873 1363 941 1418 tres
965 1352 1047 1419 libe-

61 1479 120 1521 ros
146 1467 323 1542 genuerat,
346 1481 389 1522 ne
411 1458 534 1543 paelici
551 1466 814 1544 suspectaretur.
840 1457 900 1523 scd
918 1459 1047 1542 magni-

62 1561 147 1626 tudo
173 1561 333 1626 facinoris
357 1571 496 1644 metum,
525 1561 750 1647 prolationeS,
781 1562 915 1627 diversa
945 1564 1046 1626 inter-

65 1663 146 1731 dum
170 1665 314 1731 consilia
338 1664 525 1731 adferebat.
1075 1685 1099 1724 aa

170 1769 200 1834 4.
235 1769 374 1834 Interim
394 1757 488 1834 ¹anni
521 1769 686 1856 principio
720 1769 851 1834 Drusus
887 1793 930 1834 ex
964 1767 1046 1834 Ger-

64 1875 193 1938 manici
229 1871 346 1938 liberis
381 1881 497 1957 togam
529 1873 662 1940 virilem
703 1875 861 1960 sumpsit,
896 1895 1047 1960 quaeque

64 1977 166 2045 fratri
190 1978 261 2042 eius
277 1977 405 2042 Neroni
429 1977 626 2043 decreverat
644 1988 783 2042 senatus
807 1979 963 2063 repetita.
987 1977 1046 2043 ad-

67 2080 155 2147 didit
179 2082 365 2147 orationem
388 2079 525 2166 Caesar,
548 2081 654 2146 multa
678 2103 751 2146 cum
776 2080 877 2146 laude
899 2080 960 2145 filii
984 2081 1046 2165 sui,

65 2185 158 2269 quod
179 2185 292 2271 patria
320 2183 558 2249 benevolentia
587 2187 622 2248 in
650 2184 767 2250 fratris
796 2184 920 2250 liberos
945 2185 1042 2250 foret.
1070 2214 1082 2253 5

66 2311 145 2355 nam
168 2288 312 2372 Drusus,
347 2310 549 2375 quamquam
583 2288 725 2354 arduum
759 2290 803 2354 sit
833 2288 950 2353 eodem
979 2287 1046 2354 loci

67 2394 256 2477 potentiam
279 2403 312 2457 et
335 2391 554 2457 concordiam
577 2414 667 2475 esse,
697 2415 823 2480 aequus
848 2391 1046 2457 adulescen-

68 2496 159 2562 tibus
184 2505 245 2561 aut
267 2506 358 2561 certe
381 2518 449 2561 non
473 2496 636 2561 adversus
660 2495 860 2562 habebatur.
886 2497 975 2560 exim
990 2517 1045 2560 ve-

67 2611 120 2666 tus
145 2610 178 2666 et
203 2623 303 2686 saepe
328 2599 520 2667 simulatum
541 2601 778 2688 proficiscendi
801 2603 835 2665 in
850 2600 1044 2687 provincias

3 2731 4 2746 ¹
66 2703 244 2768 consilium
260 2703 413 2767 refertur.
440 2703 690 2769 multitudinem
701 2713 937 2770 veteranorum
949 2725 1044 2790 prae·
1073 2732 1098 2770 ιο

65 2806 206 2871 texebat
237 2807 421 2891 imperator
449 2817 482 2872 et
509 2807 688 2872 dilectibus
718 2806 921 2894 supplendos
951 2830 1044 2872 excr-

3 2899 4 2918 ³
66 2913 171 2976 citus:
210 2932 290 2976 nam
329 2909 557 2977 voluntarium
595 2911 737 2977 militem
773 2912 906 2994 deesse,
941 2933 981 2975 ac
1018 2913 1045 2974 si

3 3025 6 3102 ζ
65 3011 270 3100 suppeditet,
293 3034 361 3077 non
386 3013 504 3079 eadem
525 3015 651 3078 virtute
675 3035 716 3079 ac
739 3012 908 3078 modestia
932 3035 1043 3098 agere,

65 3119 145 3203 quia
177 3114 374 3203 plerumque
407 3117 524 3204 inopes
558 3138 599 3182 ao
623 3119 704 3201 vagi
738 3128 856 3203 sponte
888 3117 1045 3183 militiam

66 3227 211 3285 sumant.
244 3221 504 3306 percensuitque
527 3221 651 3286 cursim
679 3243 852 3286 numerum
874 3219 1045 3304 legionum
1072 3245 1097 3286 15

66 3335 97 3390 ot
112 3346 198 3412 quas
213 3325 407 3409 provincias
424 3335 624 3392 tutarentur.
642 3323 731 3411 quod
745 3325 827 3391 mihi
842 3347 971 3411 quoque
988 3348 1044 3389 ex-

66 3425 271 3515 sequendum
285 3450 370 3512 reor,
394 3451 480 3517 quae
494 3439 576 3495 tunc
591 3430 743 3494 Romana
767 3430 864 3514 copia
880 3429 915 3492 in
932 3431 1044 3513 armis,

67 3535 119 3621 qui
143 3532 229 3598 socii
251 3553 365 3619 reges,
389 3544 514 3621 quanto
539 3537 582 3600 sit
606 3533 782 3617 angustius
806 3535 1043 3619 imperitatum.

90 3683 215 3728 riorus.
227 3685 246 3726 1.
942 3670 973 3722 11

4 3760 7 3781 .
