2530 4084
216 301 261 366 94
493 269 496 276 ’
545 302 721 356 coauunu
738 302 861 354 rncmr
974 313 977 318 Α

217 495 395 580 tiquitatis.
412 493 473 560 sed
488 515 568 560 cura
584 496 779 580 provinciae
790 493 1085 580 praetendebatur,
1105 492 1208 558 leva-

215 600 331 685 vitque
365 599 491 686 apertis
519 597 648 664 horreis
670 600 780 684 pretia
807 598 940 682 frugum
962 597 1141 683 multaque
1166 599 1206 662 in

176 715 189 754 ⁶
215 703 337 786 vulgus
365 712 465 786 grata
494 703 686 789 usurpavit:
715 704 787 767 sine
815 701 923 767 milite
946 700 1117 784 incedere,
1142 721 1206 787 pe-

216 803 314 870 dibus
337 807 474 870 intectis
498 815 532 870 et
553 806 627 891 pari
650 828 726 870 cum
742 803 883 871 Graecis
907 807 1043 888 amictu,
1065 804 1105 870 P.
1125 801 1205 868 Sci·

214 910 324 994 pionis
348 908 583 992 aemulatione,
607 931 704 995 quem
727 908 846 975 eadem
866 909 1078 975 factitavisse
1104 907 1204 993 apud

215 1010 375 1095 Siciliam,
399 1013 550 1098 quamvis
570 1012 736 1096 flagrante
757 1011 868 1077 adhuc
883 1012 1068 1078 Poenorum
1090 1011 1201 1095 bello,

215 1118 415 1203 accepimus.
459 1115 613 1181 Tiberius
637 1115 730 1180 cultu
751 1115 934 1201 habituque
957 1117 1027 1181 eius
1058 1115 1197 1180 lenibus

161 1243 187 1283 10
213 1220 326 1285 verbis
341 1221 529 1306 perstricto,
542 1221 703 1284 acerrime
715 1221 891 1305 increpuit,
907 1218 996 1304 quod
1007 1229 1131 1284 contra
1147 1220 1200 1283 in·

213 1325 333 1389 stituta
356 1321 502 1408 Augusti
524 1344 593 1388 non
616 1333 734 1408 sponte
761 1324 923 1408 principis
947 1320 1198 1387 Alexandriam

213 1428 395 1493 introisset.
416 1451 495 1493 nam
510 1427 682 1512 Augustus
695 1429 783 1492 inter
798 1426 867 1492 alia
884 1426 1125 1492 dominationis
1143 1449 1196 1490 ar

213 1552 310 1613 cana,
332 1531 448 1595 vetitis
472 1532 537 1595 nisi
552 1532 718 1616 permissu
740 1528 872 1614 ingredi
897 1528 1108 1594 senatoribus
1136 1539 1196 1593 aut

212 1633 380 1719 equitibus
402 1633 562 1699 Romanis
585 1633 793 1717 inlustribus,
818 1635 967 1719 seposuit
988 1631 1194 1718 Aegyptum,

160 1761 186 1800 rs
212 1760 254 1802 ne
276 1737 363 1802 fame
386 1748 520 1822 urgeret
541 1737 687 1820 Italiam,
711 1739 860 1823 quisquis
885 1761 959 1802 eam
979 1737 1195 1822 provinciam

211 1841 425 1926 claustraque
450 1850 558 1907 terrae
582 1864 622 1906 ac
645 1841 747 1906 maris
764 1840 914 1926 quamvis
938 1839 1004 1905 levi
1020 1839 1192 1925 praesidio

212 1943 390 2010 adversum
413 1945 567 2028 ingentes
591 1944 761 2009 exercitus
785 1942 976 2008 insedisset.

313 2046 364 2111 60.
395 2046 462 2113 Sed
490 2045 710 2113 Germanicus
739 2045 887 2111 nondum
916 2055 1086 2132 comperto
1115 2067 1189 2132 pro-

210 2150 390 2216 fectionem
422 2174 496 2216 eam
527 2153 677 2216 incusari
698 2149 775 2214 Nilo
799 2147 1058 2231 subvehebatur,
1094 2171 1188 2213 orsus

212 2253 333 2341 oppido
357 2279 378 2320 a
393 2252 541 2342 Canopo.
566 2253 748 2321 condidere
769 2252 807 2317 id
830 2250 990 2338 Spartani
1014 2252 1056 2318 ob
1082 2252 1188 2338 scpul-

210 2367 280 2422 tum
302 2357 372 2423 illic
396 2368 559 2423 rectorem
580 2359 679 2423 navis
696 2355 878 2442 Canopum,
902 2377 967 2442 qua
990 2365 1187 2442 tempestate

170 2485 183 2525 s
209 2461 382 2526 Menelaus
416 2459 595 2526 Graeciam
627 2470 782 2549 repetens
816 2460 985 2525 diversum
1018 2459 1062 2524 ad
1097 2483 1186 2525 mare

210 2575 398 2651 terramque
425 2565 572 2650 Libyam
606 2564 758 2630 deiectus
792 2574 854 2629 est.
889 2562 967 2627 inde
1000 2564 1186 2649 proximum

209 2670 317 2733 amnis
342 2690 378 2733 os
403 2668 552 2734 dicatum
574 2668 724 2751 Herculi,
748 2689 845 2753 quem
874 2665 1056 2749 indigenae
1081 2675 1185 2731 ortum

209 2771 300 2857 apud
334 2795 369 2837 se
392 2783 426 2837 et
460 2773 729 2856 antiquissimum
751 2769 929 2856 perhibent
958 2791 1096 2854 eosque,
1131 2771 1183 2854 qui

208 2885 325 2960 postca
356 2877 431 2961 pari
454 2877 579 2940 virtute
607 2875 747 2955 fuerint,
771 2875 806 2937 in
835 2882 1093 2956 cognomentum
1117 2874 1182 2936 eius

158 3003 182 3042 10
209 2976 375 3061 adscitos3
415 3000 495 3044 mox
528 2979 609 3042 visit
646 2987 798 3042 veterum
830 2977 1022 3043 Thebarum
1061 2995 1182 3060 magna
1263 3059 1264 3066 ἶ

207 3081 366 3164 vestigia.
416 3092 450 3146 et
484 3079 668 3145 manebant
703 3081 841 3146 structis
874 3080 1017 3146 molibus
1052 3079 1181 3146 litterae
1263 3075 1264 3154 J

207 3182 409 3270 Aegyptiae,
431 3185 575 3270 priorem
598 3183 803 3270 opulentiam
825 3183 1037 3269 complexae:
1060 3183 1181 3249 iussus·
1263 3169 1264 3192 ¹

208 3311 270 3374 que
298 3312 317 3353 e
352 3287 539 3354 senioribus
574 3286 787 3353 sacerdotum
819 3287 966 3371 patrium
1001 3307 1180 3351 sermonem

207 3393 439 3476 interpretari,
473 3390 640 3455 referebat
662 3389 836 3454 habitasse
866 3387 1034 3475 quondam
1062 3391 1180 3475 septin-

158 3516 182 3556 u
208 3503 311 3575 genta
333 3492 427 3558 milia
451 3501 563 3557 aetate
578 3492 726 3573 militari,
750 3482 850 3577 atque
874 3515 912 3557 eo
935 3514 1011 3557 eum
1034 3494 1180 3556 exercitu

207 3613 322 3676 regem
335 3593 504 3659 Rhamsen
516 3593 628 3678 Libya
641 3591 821 3679 Aethiopia
836 3593 1011 3681 Medisque
1027 3604 1062 3660 ct
1073 3595 1179 3660 Persis
