2500 4084
227 326 291 392 226
468 359 470 364 -
555 325 870 380 consonantem

227 519 468 584 frumentariae
493 519 626 605 copiam
650 516 857 583 adventaret.
903 519 953 584 ita
981 518 1208 603 castigandae

226 621 316 710 plebi
340 623 560 710 compositum
591 631 728 687 senatus
761 620 952 687 consultum
974 623 1089 708 prisca
1112 645 1208 687 seve-

178 746 202 785 10
228 727 347 810 ritate,
371 748 479 812 neque
503 726 640 809 segnius
664 724 818 790 consules
843 725 990 790 edixere.
1036 725 1209 792 silentium

229 831 334 915 ipsius
357 851 424 894 non
448 828 558 912 civile,
582 837 619 893 ut
643 828 847 911 crediderat,
873 829 931 894 sed
955 831 990 894 in
1015 829 1210 916 superbiam

229 932 470 1018 accipiebatur.

331 1033 380 1099 14.
403 1035 489 1100 Fine
524 1037 604 1101 anni
636 1033 824 1118 Geminius,
855 1033 989 1118 Celsus,
1018 1036 1208 1122 Pompeiae,

227 1140 357 1223 equites
391 1138 550 1223 Romani,
583 1138 738 1203 cecidere
773 1139 1016 1204 coniurationis
1051 1141 1209 1220 crimine3

229 1265 272 1306 ex
295 1243 369 1329 quis
393 1239 568 1307 Geminius
602 1241 818 1328 prodigentia
853 1263 950 1327 opum
987 1263 1028 1306 ac
1062 1243 1207 1308 mollitia

228 1346 320 1410 vitae
350 1345 478 1410 amicus
509 1344 646 1428 Seiano,
675 1343 761 1411 nihil
783 1343 830 1409 ad
857 1346 990 1409 serium.
1037 1353 1071 1410 et
1101 1345 1207 1410 Iulius

191 1474 202 1514 ⁵
231 1447 348 1514 Celsus
382 1449 538 1514 tribunus
572 1450 607 1513 in
640 1447 762 1514 vinclis
793 1446 947 1513 laxatam
981 1458 1140 1514 catenam
1176 1459 1208 1512 et

228 1552 472 1619 circumdatam
496 1555 529 1618 in
554 1552 725 1618 diversum
748 1551 891 1617 tendens
922 1574 1018 1617 suam
1042 1554 1114 1638 ipse
1138 1575 1207 1617 cer-

227 1658 336 1722 vicem
359 1657 532 1743 perfregit.
571 1664 606 1721 at
629 1655 756 1720 Rubrio
778 1654 924 1737 Fabato,
947 1664 1121 1742 tamquam
1152 1655 1206 1720 de-

228 1762 373 1846 speratis
397 1758 498 1826 rebus
520 1760 681 1824 Romanis
704 1759 906 1824 Parthorum
938 1758 983 1823 ad
1017 1761 1206 1825 misericor·

229 1865 321 1929 diam
348 1864 495 1946 fugeret,
531 1861 688 1927 custodes
712 1860 832 1926 additi.
879 1884 960 1927 sane
989 1863 1018 1928 is
1053 1873 1206 1949 repertus

130 1985 131 1990 ’
177 1992 203 2032 ro
229 1965 320 2052 apud
342 1966 465 2034 fretum
481 1965 619 2032 Siciliae
643 1974 878 2051 retractusque
899 1987 960 2051 per
975 1968 1207 2032 centurionem

228 2069 340 2136 nullas
362 2068 555 2156 probabiles
585 2091 706 2135 causas
735 2069 940 2154 longinquae
962 2071 1206 2156 peregrinatio-

229 2176 281 2239 nis
306 2172 499 2239 adferebat:
527 2175 652 2241 mansit
676 2184 788 2239 tamen
812 2172 1005 2255 incolumis,
1038 2172 1206 2238 oblivione

229 2279 337 2362 magis
361 2299 462 2363 quam
485 2277 675 2344 clementia.
1053 2283 1056 2290 '

334 2381 382 2445 15.
408 2380 478 2446 Ser.
504 2379 615 2447 Galba
638 2381 677 2447 L.
695 2380 789 2447 Sulla
813 2379 1006 2448 consulibus
1032 2379 1092 2445 diu
1108 2403 1205 2467 quae-

230 2487 305 2568 sito,
329 2506 411 2570 quos
434 2484 590 2571 neptibus
605 2487 676 2550 suis
698 2486 839 2551 maritos
864 2484 1051 2550 destinaret
1068 2482 1207 2568 Caesar,

228 2598 405 2675 postquam
438 2587 591 2654 instabat
623 2591 792 2673 virginum
827 2597 931 2671 aetas,
966 2586 1006 2652 L.
1041 2587 1206 2670 Cassium,

228 2693 273 2758 Μ.
297 2693 467 2759 Vinicium
490 2692 582 2777 legit.
606 2693 740 2758 Vinicio
764 2693 969 2779 oppidanum
991 2713 1117 2778 genus:
1148 2693 1206 2758 Oa-

193 2822 206 2859 r
230 2795 319 2860 libus
344 2803 452 2880 ortus,
481 2805 579 2881 patre
602 2805 703 2883 atque
726 2817 790 2860 avo
814 2794 1062 2881 consularibus,
1094 2807 1206 2862 cetera

230 2901 377 2984 equestri
406 2897 535 2968 familia
570 2908 653 2982 erat,
688 2901 779 2964 mitis
814 2901 949 2984 ingenio
985 2909 1018 2965 et
1051 2911 1206 2988 comptae

229 3003 419 3068 facundiae.
448 3001 586 3068 Cassius
615 3001 740 3088 plebeii
762 3002 887 3067 Romae
911 3002 1060 3086 generis,
1092 3027 1205 3070 verum

229 3107 361 3191 antiqui
394 3106 631 3192 honoratique,
665 3114 700 3170 et
729 3127 848 3170 severa
882 3107 989 3192 patris
1024 3104 1205 3193 disciplina

230 3209 371 3274 eductus
394 3208 561 3274 facilitate
578 3211 711 3296 saepius
736 3229 835 3294 quam
858 3208 1025 3274 industria
1041 3232 1205 3277 commen·

178 3339 203 3378 ιο
230 3311 385 3377 dabatur.
408 3311 487 3377 huic
502 3311 698 3394 Drusillam,
714 3311 848 3378 Vinicio
864 3310 988 3378 Iuliam
1003 3311 1204 3381 Germanico

193 3435 195 3440 ’
231 3419 366 3502 genitas
390 3417 564 3500 coniungit
594 3437 758 3502 superque
788 3438 828 3481 ea
850 3438 887 3481 re
911 3419 1045 3483 senatui
1076 3420 1204 3504 scribit,

230 3520 298 3584 levi
321 3541 398 3585 cum
421 3518 547 3583 honore
569 3521 736 3584 iuvenum.
761 3519 839 3584 dein
861 3519 1007 3586 redditis
1030 3520 1204 3588 absentiae

230 3624 342 3686 causis
366 3619 545 3694 admodum
560 3625 658 3708 vagis
681 3623 775 3689 flexit
799 3622 844 3688 ad
867 3626 1026 3706 graviora
1050 3635 1086 3692 et
1109 3625 1203 3692 offen·
