2530 4084
198 255 260 320 152
526 255 700 306 coasnnn
718 256 839 308 rasim

194 443 334 526 borium,
358 446 511 532 quotiens
535 449 630 512 curia
646 446 873 532 egrederetur,
898 444 1043 513 Graecis
1058 446 1189 512 verbis

196 549 230 612 in
253 547 342 613 hune
364 547 499 613 modum
522 549 634 638 eloqui
657 551 792 618 solitum
809 547 842 616 ‘o
864 550 1016 617 homines
1040 551 1090 618 ad
1117 574 1191 616 ser-

194 653 336 719 vitutem
368 662 507 739 paratos
517 651 531 718 l'
569 655 698 722 scilicet
728 658 831 722 etiam
854 654 964 740 illum,
995 658 1051 743 qui
1073 655 1189 721 liber-

144 780 168 820 15
196 765 301 822 tatem
323 756 495 842 publicam
517 757 622 824 nollet
630 810 638 843 ,
669 771 738 825 tam
760 761 933 847 proiectae
957 762 1190 825 servientium

194 862 383 946 patientiae
407 860 578 927 taedebat.

298 962 348 1028 66.
372 965 540 1030 Paulatim
572 966 691 1032 dehinc
716 966 759 1033 ab
782 967 951 1033 indecoris
979 965 1026 1031 ad
1051 967 1187 1033 infesta

195 1067 545 1151 transgrediebantur.
570 1067 607 1134 O.
632 1067 784 1135 Silanum
805 1092 865 1157 pro
894 1069 1035 1136 consule
1061 1070 1185 1152 Asiae,

194 1170 456 1257 repetundarum
472 1195 492 1237 a
509 1174 609 1238 sociis
632 1173 849 1258 postulatum,
865 1173 1055 1239 Mamercus
1073 1171 1185 1240 Scau-

195 1297 251 1339 rus
282 1297 300 1338 e
330 1274 582 1359 consularibus,
605 1276 721 1342 Iunius
746 1276 834 1342 Otho
868 1285 1016 1363 praetor,
1039 1277 1184 1344 Brutte-
1257 1345 1258 1368 ,

155 1401 167 1440 ⁵
196 1378 271 1442 dius
300 1378 406 1463 Niger
439 1379 561 1444 aedilis
590 1380 688 1445 simul
718 1382 904 1467 corripiunt
933 1379 1182 1469 obiectantque
1257 1373 1258 1430 ἕ

193 1481 357 1548 violatum
373 1483 518 1568 Augusti
543 1508 675 1568 numen,
699 1494 847 1571 spretam
862 1483 991 1549 Tiberii
1014 1489 1182 1552 maiesta-
1257 1479 1258 1484 ¹

194 1595 271 1670 tem,
287 1587 476 1654 Mamercus
500 1590 640 1675 antiqua
657 1589 810 1676 exempla
827 1589 965 1672 iaciens,
980 1588 1021 1653 L.
1038 1587 1182 1656 Cottam

194 1712 214 1754 a
239 1688 397 1776 Scipione
419 1690 599 1775 Africano,
635 1691 788 1758 Servium
817 1689 965 1757 Galbam
993 1716 1015 1757 a
1043 1691 1179 1759 Catone

195 1795 357 1876 censorio,
380 1795 416 1859 P.
439 1794 603 1860 Rutilium
625 1819 646 1860 a
669 1795 714 1859 M.
739 1794 866 1861 Scauro
895 1805 1090 1862 accusatos.
1127 1800 1179 1862 vi-

142 1921 167 1958 10
196 1897 318 1963 delicet
342 1895 455 1984 Scipio
483 1908 516 1964 et
533 1897 618 1964 Cato
642 1899 726 1964 talia
749 1897 1010 1980 ulciscebantur,
1034 1910 1096 1965 aut
1118 1899 1178 1964 ille

194 1999 352 2084 Scaurus,
376 2022 473 2086 quem
488 2023 650 2087 proavum
666 2024 760 2067 suum
777 2001 992 2088 obprobrium
1006 2005 1176 2068 maiorum

144 2171 146 2178 ‚
192 2103 381 2169 Mamercus
397 2105 514 2170 infami
532 2126 632 2190 opera
651 2105 905 2171 dehonestabat.
928 2106 1026 2172 Iunio
1044 2107 1175 2173 Othoni

192 2207 394 2273 litterarium
424 2207 538 2274 ludum
567 2230 725 2275 exercere
752 2218 849 2275 vetus
885 2232 941 2274 ars
964 2209 1048 2274 fuit:
1093 2234 1175 2276 mox

193 2309 309 2376 Seiani
331 2315 483 2399 potentia
508 2322 645 2378 senator
669 2313 812 2379 obscura
842 2313 941 2378 initia
971 2313 1176 2400 impudenti·
1258 2389 1259 2404 ,

141 2440 166 2480 15
191 2414 254 2479 bus
278 2417 370 2480 ausis
392 2414 637 2501 propolluebat.
674 2416 887 2482 Bruttedium
915 2415 1046 2481 artibus
1071 2416 1176 2482 hone·
1258 2417 1259 2486 l

193 2519 255 2583 stis
272 2520 442 2604 copiosum
465 2529 508 2602 et,
533 2521 560 2584 si
577 2531 706 2585 rectum
728 2521 793 2586 iter
807 2528 972 2606 pergeret,
996 2518 1041 2584 ad
1057 2520 1177 2586 claris·

194 2623 278 2686 sima
301 2643 453 2709 quaeque
476 2623 599 2687 iturum
614 2625 787 2689 festinatio
812 2622 1066 2706 exstimulabat,
1092 2624 1174 2690 dum

192 2723 360 2810 aequalis,
391 2724 468 2789 dein
498 2727 701 2811 superiores,
723 2735 892 2812 postremo
922 2736 1070 2792 suasmet
1101 2729 1175 2814 ipse

193 2851 268 2913 spes
285 2830 395 2893 antire
411 2837 525 2913 parat:
549 2828 638 2915 quod
653 2829 775 2894 multos
792 2831 894 2895 etiam
909 2829 1014 2896 bonos
1037 2852 1175 2916 pessum

139 2957 165 2996 ao
193 2931 297 3015 dedit,
321 2933 377 3018 qui
401 2933 521 3017 spretis
538 2953 623 3016 quae
646 2932 746 2997 tarda
769 2955 845 2998 cum
861 2935 1053 3019 securitate,
1076 2957 1169 3020 prae·

191 3045 324 3100 matura
347 3034 402 3100 vel
425 3057 501 3101 cum
524 3036 629 3100 exitio
653 3046 844 3122 properant.

297 3138 347 3203 67.
382 3137 518 3204 Auxere
558 3160 731 3203 numerum
771 3150 1007 3206 accusatorum
1041 3139 1173 3208 Gellius

190 3240 366 3309 Publicola
390 3251 423 3305 et
445 3241 490 3305 M.
513 3243 691 3325 Paconius,
716 3241 772 3307 ille
796 3254 955 3330 quaestor
972 3240 1092 3329 Silani,
1115 3245 1170 3312 hio

191 3346 334 3430 legatus
357 3367 420 3409 nec
445 3343 581 3410 dubium
596 3345 786 3411 habebatur
799 3348 964 3413 saevitiae
979 3356 1171 3434 captarum-

193 3471 256 3532 que
278 3447 496 3533 pecuniarum
518 3449 626 3513 teneri
649 3471 758 3514 reum:
804 3449 865 3515 sed
893 3449 1000 3516 multa
1030 3451 1171 3538 adgere-

154 3573 167 3611 ⁵
192 3548 317 3614 bantur
340 3551 442 3614 etiam
464 3550 654 3617 insontibus
676 3553 877 3638 periculosa,
902 3578 976 3622 eum
1000 3577 1102 3642 super
1123 3563 1173 3622 tot
