2534 4084
415 261 649 313 110011111.
903 261 1023 328 ΧΧΧῙ

34 479 113 522 sam
138 453 186 520 ad
209 463 364 518 sonatum
392 453 543 518 remittit.
574 488 616 498 -
646 451 696 516 11.
718 452 821 518 Drusi
853 452 1020 518 adventus

36 585 82 625 ex
97 559 252 644 lllyrico.
276 579 353 623 reus
375 566 535 644 patronos
551 558 646 642 petit.
671 592 712 601 -
729 555 779 621 12.
803 555 930 621 Tiberii
953 554 1023 620 lon·

37 667 115 749 gior
142 662 252 727 oratio
277 659 321 726 ad
343 670 467 747 patras.
497 697 539 707 -
570 659 620 724 13.
650 669 888 726 accusatorum
915 659 1024 725 crimi-

36 768 212 832 nationes,
235 801 278 812 —-
301 761 351 828 14.
374 764 550 851 plerasque
574 786 689 829 aarum
703 763 792 829 male
816 763 915 829 diluit
937 785 1024 828 reus.

36 869 136 936 haud
169 869 268 954 proni
292 869 326 933 in
350 890 424 933 eum
449 868 594 952 iudices,
624 868 787 934 infensior
808 867 959 956 populus.
983 901 1024 912 -

40 973 90 1036 15.
117 971 287 1037 Plancina
304 993 444 1037 causam
467 994 561 1037 suam
579 971 750 1036 dissociat.
775 971 907 1036 Pisonis
924 991 1024 1034 mors,

39 1115 81 1122 -
108 1073 162 1139 16.
177 1074 341 1140 'Tiberius
365 1072 540 1141 codicillos
565 1099 585 1141 a
608 1077 730 1140 Pisone
763 1075 965 1162 compositos
990 1075 1025 1137 in

40 1188 168 1245 senatu
191 1178 323 1243 recitat.
349 1212 389 1223 -
415 1176 463 1241 17.
486 1177 564 1242 Piso
587 1177 676 1243 filius
700 1177 898 1261 absolvitur,
922 1175 1022 1242 Plan-

40 1285 122 1346 cina
153 1279 330 1365 Augustae
358 1279 516 1366 precibus
544 1281 766 1348 condonatur.
797 1319 839 1327 -
870 1280 920 1345 18.
952 1303 1024 1346 sen-

41 1387 172 1451 tentias
197 1385 231 1448 in
253 1384 410 1449 Pisonem
431 1381 582 1470 filiosque
597 1387 751 1473 princeps
774 1386 919 1469 mitigat.
944 1383 1025 1448 adu-

42 1487 133 1553 latio
157 1487 397 1572 intempestiva
413 1497 604 1574 contempto
620 1487 772 1554 Claudio.
796 1526 838 1535 —
856 1486 906 1552 19.
921 1488 1024 1552 Drusi

43 1593 171 1657 ovatio.
188 1589 354 1676 Vipsania
370 1592 518 1656 moritur.
543 1627 584 1637 -
607 1589 660 1658 20.
676 1593 877 1658 Tacfarinas
901 1589 1025 1657 bollum

43 1697 78 1759 in
94 1693 216 1759 Africa
239 1702 391 1759 renovat.
414 1730 457 1740 -
472 1693 523 1757 21.
549 1694 584 1760 id
599 1696 740 1781 Apronii
765 1697 946 1761 severitate
971 1716 1025 1780 op-

42 1800 212 1885 primitur.
235 1832 277 1843 -
300 1796 352 1863 22.
375 1796 508 1884 Lepida
525 1800 688 1884 suppositi
704 1809 831 1886 partus,
855 1797 1025 1880 adulterii,

43 1901 203 1968 veneficii
218 1909 411 1967 0001100111.
434 1935 476 1946 —
492 1900 544 1966 23.
568 1901 703 1967 Tiberio
727 1902 887 1990 perplexe
904 1911 1026 1988 agente

47 2005 231 2071 damnatur
263 2002 361 2071 bonis
394 2027 462 2070 non
495 2004 688 2093 publicatis.
724 2042 765 2053 -
799 2004 850 2070 24.
880 2005 1027 2091 Augusti

48 2110 186 2174 fortuna
210 2108 299 2173 domi
322 2109 539 2195 improspera.
579 2107 714 2175 Silanus
737 2110 855 2175 Iuniae
878 2108 1027 2174 familiae

46 2212 210 2277 redditus.
233 2247 275 2257 —
298 2210 349 2276 25.
373 2211 518 2277 refertur
542 2212 583 2277 de
598 2213 806 2278 moderanda
829 2213 904 2298 lege
920 2212 1027 2298 Papia

45 2316 220 2402 Poppaea3
243 2314 413 2400 malignae
438 2315 626 2382 delatorum
649 2318 958 2404 interpretationes.
985 2353 1022 2363 —

47 2417 86 2481 26
111 2417 221 2483 0127.
257 2439 419 2484 excursus
444 2418 486 2484 de
509 2420 639 2504 origine
667 2420 789 2504 legum,
822 2441 906 2507 quae
930 2421 1027 2485 initio

47 2543 177 2607 paucae
201 2532 235 2587 et
252 2520 431 2607 simplices,
454 2521 618 2608 paulatim
642 2523 763 2589 deinde
780 2525 814 2588 in
831 2526 1028 2588 immensum

49 2635 182 2691 auctae.
205 2660 246 2670 -
270 2623 321 2689 28.
346 2647 460 2691 aarum
476 2628 640 2693 correctio
660 2635 835 2713 temptata.
858 2627 1027 2693 modicum

51 2731 81 2792 in
111 2749 275 2814 praesens
304 2727 541 2795 levamentum.
570 2767 612 2776 -
640 2727 692 2794 29.
715 2731 803 2796 Nero
834 2728 1027 2796 Germanici

48 2831 135 2896 filius
171 2831 216 2897 ad
245 2831 387 2898 honores
421 2841 593 2918 promotus
617 2833 738 2899 Iuliam
760 2855 900 2900 uxorem
923 2833 1028 2917 ducit,

49 2935 151 3000 Drusi
185 2933 301 3001 filiam.
334 2971 376 2980 —
410 2933 460 3000 30.
488 2935 621 3002 Volusii
645 2948 679 3003 et
706 2936 859 3003 Sallustii
881 2960 970 3003 mors
995 2946 1029 3002 et

51 3037 205 3121 elogium.
229 3035 410 3103 Sallustius
434 3061 510 3105 cum
531 3039 731 3105 Maecenate
755 3049 977 3128 comparatus.

153 3139 206 3204 31.
229 3140 386 3206 Tiberius
410 3151 444 3207 et
464 3141 596 3208 Drusus
620 3143 785 3210 consules.
809 3144 1029 3210 irreverentia

51 3244 234 3310 inventutis
257 3253 387 3310 notata.
411 3246 542 3311 viarum
567 3270 658 3312 cura.
682 3285 724 3294 -
747 3246 799 3311 32.
824 3246 1027 3313 Tacfarinas

52 3347 164 3414 turbat
193 3348 325 3412 iterum.
369 3347 521 3434 Lepidus
543 3348 648 3416 Asiae
677 3374 737 3438 pro
767 3351 905 3417 consule
933 3372 1028 3436 prae·

53 3453 169 3517 ficitur.
192 3485 235 3496 -
251 3449 304 3515 33.
320 3448 469 3516 Caecina
491 3463 609 3518 conset
624 3457 884 3538 magistratuum
905 3474 1028 3518 uxores

54 3580 72 3622 a
92 3555 275 3644 provinciis
298 3554 475 3622 arcendas.
506 3593 548 3602 -
570 3555 622 3622 34.
651 3559 706 3623 cui
735 3567 904 3644 repugnat
924 3555 1025 3622 Valc-
