2534 4084
238 297 288 369 VI
615 301 836 356 PROOEMIUM

236 495 365 580 priores
381 494 560 560 historioos
585 503 730 580 superat,
753 505 790 560 ut
812 495 862 559 ait
877 491 1007 558 Oioero.
1030 490 1219 559 Sallustius

236 597 308 681 Iug.
332 595 428 681 95‚2
462 620 537 662 eum
571 596 706 683 quidem
735 596 870 682 laudat,
899 595 988 684 qnod
1011 595 1125 662 Sullae
1161 619 1219 662 res

237 703 360 788 optime
391 712 424 767 et
459 701 719 786 diligentissime
748 695 898 766 'omnium
926 709 1123 788 persecutus
1153 711 1220 784 est,

237 805 297 870 sed
320 805 416 871 simul
432 807 613 892 vituperat,
638 805 727 891 quod
743 826 860 890 parum
878 804 983 870 libero
1008 827 1064 869 ore
1080 802 1220 870 loeutus

236 908 381 974 videtur.

338 1013 466 1080 Eodem
501 1023 648 1100 tempore
685 1012 726 1094 Q.
761 1011 925 1078 Claudius
964 1010 1218 1095 Quadrigarius

236 1126 269 1181 et
292 1116 448 1181 Valerius
477 1114 599 1182 Antias
635 1118 856 1202 seripserunt,
891 1136 1030 1201 quorum
1064 1113 1121 1179 ille
1146 1136 1218 1180 om-

233 1241 293 1285 nes
327 1243 381 1285 res
416 1229 530 1304 gestas
564 1219 677 1306 populi
705 1221 848 1285 Romani
876 1218 920 1284 ab
942 1218 1036 1285 Urbe
1070 1218 1216 1283 condita

233 1344 338 1409 usque
366 1323 411 1389 ad
434 1319 548 1389 Sullae
579 1333 727 1389 aetatem
749 1325 946 1410 composuit.
992 1323 1087 1388 ouius
1112 1344 1217 1408 opere

235 1426 314 1491 inde
338 1449 358 1490 a
382 1437 478 1492 sexto
501 1427 588 1492 libro
605 1413 684 1494 usus
709 1436 759 1493 est
775 1427 895 1492 Livius
912 1449 1051 1513 eumque
1076 1427 1216 1511 saepius

235 1529 342 1595 affert.
368 1529 565 1617 saepissime
589 1540 702 1596 autem
724 1532 813 1596 inter
836 1552 950 1596 omnes
974 1541 1218 1596 commemorat

236 1634 408 1700 Valerium
430 1633 615 1700 Antiatem.
662 1637 690 1699 is
720 1634 898 1700 immodice
927 1635 1073 1700 omnium
1102 1656 1218 1698 rerum

234 1761 407 1804 numerum
422 1748 534 1823 auget,
560 1738 608 1804 ita
631 1747 668 1804 ut
683 1738 796 1804 nullus
812 1738 997 1805 mentiendi
1022 1739 1067 1804 sit
1082 1736 1216 1802 modus.

232 1853 410 1929 propterea
441 1865 515 1908 eum
543 1841 663 1907 Livius
691 1841 783 1908 haud
817 1864 893 1907 raro
923 1844 1071 1926 castigat
1101 1839 1216 1905 obiur-

234 1956 369 2032 gatque.
395 1947 531 2033 scripsit
554 1945 611 2012 ille
633 1946 910 2012 mendacissimus
935 1968 987 2010 res
1012 1952 1127 2029 gestas
1150 1966 1211 2029 po·

232 2049 302 2134 puli
325 2049 468 2114 Romani
491 2048 533 2113 ab
550 2047 643 2115 Urbe
666 2047 805 2113 condita
827 2069 933 2134 usque
956 2047 1001 2112 ad
1025 2069 1121 2112 suam
1143 2070 1213 2112 me-

232 2153 373 2217 moriam
395 2150 491 2217 libris
514 2153 686 2216 minimum
707 2150 848 2215 LXXV.

334 2255 515 2322 Praeterea
531 2253 651 2319 Livius
675 2275 717 2319 ex
740 2251 777 2318 O.
793 2252 928 2319 Licinio
944 2254 1060 2320 Maoro
1083 2255 1211 2338 hausit,

230 2366 268 2423 ut
292 2381 335 2424 ex
358 2358 487 2446 aliquot
510 2358 594 2424 loeis
617 2367 721 2444 patet.
768 2357 825 2423 ille
848 2368 945 2444 pater
967 2356 1066 2423 Calvi
1088 2368 1213 2444 poetae

232 2471 265 2526 et
289 2465 433 2528 oratoris
456 2465 530 2528 fuit.
555 2465 627 2550 ipse
650 2473 726 2548 post
748 2473 943 2548 praeturam
973 2485 1061 2528 anno
1084 2461 1212 2528 LXVI.

231 2566 492 2652 repetundarum
526 2576 706 2632 aonusatus
740 2577 881 2632 mortem
923 2565 989 2633 sibi
1030 2567 1211 2632 conscivit.

233 2669 374 2735 annales
408 2671 479 2738 eius
503 2669 547 2736 ab
568 2669 661 2737 Urbe
684 2670 822 2736 condita
856 2671 1029 2736 minimum
1052 2669 1138 2735 XXI
1171 2670 1212 2734 li-

230 2771 309 2839 bros
333 2773 501 2860 complexi
523 2783 611 2840 sunt.

332 2877 361 2942 Ii
396 2899 521 2961 omnes,
556 2877 597 2944 de
631 2876 750 2964 quibus
785 2875 957 2960 hueusque
992 2898 1100 2941 sermo
1135 2877 1210 2961 fuit,

233 2988 291 3044 aut
323 2979 517 3065 fragmenta
547 2990 605 3046 aut
627 2979 711 3045 nihil
734 2977 833 3044 nobis
856 2978 1074 3064 reliquerunt.
1119 3003 1209 3046 nunc

230 3081 276 3146 ad
300 3104 356 3147 eos
371 3087 542 3169 pervenio,
566 3104 705 3170 quorum
721 3103 821 3168 opera
845 3082 978 3147 etiamsi
1002 3105 1068 3147 non
1086 3085 1208 3167 omnia,

230 3193 344 3250 tamen
366 3207 492 3270 magna
516 3196 674 3271 exparte
696 3184 794 3251 nobis
818 3195 954 3252 servata
971 3195 1058 3251 sunt.
1080 3187 1207 3270 primus

230 3310 342 3353 eorum
366 3287 471 3355 Gaius
495 3288 599 3354 Iulius
623 3287 751 3355 Caesar
774 3296 836 3373 est,
870 3291 927 3377 qui
952 3299 1079 3375 septem
1113 3313 1202 3356 eom-

228 3395 403 3458 mentariis
421 3393 462 3458 de
484 3391 573 3458 bello
592 3390 725 3458 Gallico
750 3415 830 3458 suas
845 3415 899 3458 res
916 3401 1032 3476 gestas
1056 3393 1099 3458 ab
1116 3417 1206 3459 anno

228 3493 473 3562 LVIII.-LII.
499 3498 681 3563 enarravit.
705 3495 811 3562 Aulus
828 3495 960 3563 Hirtius
983 3496 1117 3581 legatus
1135 3498 1206 3562 eius

230 3611 384 3668 octavum
408 3602 539 3687 librum,
564 3624 628 3689 quo
645 3625 697 3668 res
715 3612 832 3686 gestae
857 3623 1019 3667 annornm
1034 3601 1091 3666 LI.
1116 3611 1150 3666 et
1164 3600 1204 3664 L.
