2500 4084
204 269 268 334 204
532 271 706 322 CORNELII
724 270 846 322 Tsclnl

204 463 273 526 eius
305 463 523 547 inrumperet,
558 482 806 547 concursusque
841 460 1086 546 oppidanorum
1113 459 1193 524 dis·

203 566 313 652 posito
336 564 443 630 milite
465 565 739 652 prohiberentur,
765 586 904 650 perosus
935 574 1049 632 tamen
1077 566 1193 630 mnni-

166 683 177 721 ι
205 668 294 754 cipia
330 677 362 734 et
402 667 553 734 colonias
595 671 772 755 omniaque
806 669 840 732 in
880 669 1071 734 continenti
1104 669 1192 750 sita,

204 769 353 858 Capreas
366 793 402 836 se
414 773 448 836 in
463 771 609 838 insulam
621 770 765 855 abdidit,
782 772 883 837 trium
894 771 1024 838 milium
1040 771 1122 837 freto
1135 772 1190 836 ab

205 876 364 941 extremis
389 873 578 940 Surrentini
600 877 823 962 promunturii
847 875 1044 941 diiunctam.
1068 875 1192 940 solitu-

206 977 317 1044 dinem
339 979 411 1044 eius
426 977 596 1065 placuisse
619 979 766 1044 maxime
789 976 1001 1061 crediderim,
1026 981 1190 1064 quoniam

205 1083 435 1168 inportuosum
468 1083 560 1150 circa
589 1105 682 1149 mare
713 1090 747 1148 et
775 1082 835 1147 vix
861 1082 1006 1147 modicis
1035 1085 1189 1167 navigiis
1232 1161 1233 1172 χ

152 1208 177 1246 ιο
204 1207 314 1271 pauca
353 1186 522 1272 subsidia,
555 1208 663 1274 neque
703 1185 871 1271 adpulerit
907 1188 1083 1273 quisquam
1116 1189 1188 1252 nisi

204 1309 310 1373 gnaro
334 1300 408 1355 cust
395 1289 483 1356 t.ode
507 1289 594 1356 caeli
609 1291 786 1375 temperies
803 1287 912 1354 hieme
933 1291 1025 1355 mitis
1050 1289 1189 1355 obiectu

203 1394 340 1478 montis,
376 1416 439 1480 quo
469 1416 572 1460 saeva
595 1403 771 1459 ventorum
800 1402 974 1476 arcentur,
1011 1404 1124 1459 aestas
1150 1396 1186 1457 in

205 1497 376 1563 favonium
408 1497 550 1563 obversa
579 1507 613 1562 et
641 1505 758 1583 aperto
786 1497 913 1562 circum
941 1495 1064 1583 pelago
1086 1503 1233 1584 pera-l

204 1621 338 1668 moena
330 1601 662 1689 ,prospectabatque
677 1599 979 1687 pulcherrimum
952 1623 1072 1683 sinum,
1088 1610 1186 1666 antc-

151 1727 177 1768 ιι
205 1727 304 1792 quam
333 1705 500 1772 Vesuvius
528 1727 624 1770 mons
657 1703 839 1769 ardescens
863 1703 985 1769 faciem
1014 1703 1081 1770 loci
1109 1726 1187 1769 ver-

204 1817 300 1875 teret.
336 1806 486 1876 Graecos
521 1832 561 1876 ea
594 1811 743 1874 tenuisse
777 1804 993 1894 Capreasque
1027 1808 1233 1886 Telebois

204 1911 338 1979 habitat
325 1923 377 1979 tas
401 1913 492 1978 fama
516 1913 632 1978 tradit
657 1912 717 1977 sed
740 1920 811 1977 tum
825 1909 982 1976 Tiberius
1007 1910 1186 1978 duodecim

204 2014 360 2082 villarum
387 2016 641 2084 nominibust
607 2025 641 2082 et
670 2013 813 2081 molibus
838 2015 1026 2099 insederat,
1057 2025 1184 2102 quanto
1232 2021 1233 2132 q

206 2122 314 2187 intent
316 2143 354 2185 us
378 2120 456 2185 olim
479 2118 632 2206 publicas
657 2118 702 2186 ad
726 2140 836 2202 curas,
860 2127 957 2185 ttano
923 2115 1184 2185 toccultiores

151 2233 191 2284 ιι
206 2224 239 2287 in
261 2222 359 2289 luxus
377 2233 411 2288 et
426 2221 552 2288 malum
568 2224 671 2289 otium
686 2220 862 2288 resolutus.
886 2222 1046 2288 manebat
1062 2224 1233 2316 quippe

205 2327 433 2412 suspicionum
456 2334 488 2392 et
513 2325 674 2390 credendi
698 2326 888 2410 temeritas,
917 2347 1018 2413 quam
1040 2323 1183 2391 Seianus
1232 2363 1233 2400 ι

204 2450 328 2514 augere
360 2431 462 2495 etiam
484 2430 518 2494 in
547 2427 630 2494 urbe
653 2438 766 2493 suetus
796 2429 907 2494 acrius
930 2428 1096 2495 turbabat
1117 2450 1181 2494 non
1232 2403 1233 2496 l

204 2534 271 2598 iam
306 2531 448 2598 occultis
482 2531 662 2598 adversum
689 2529 913 2618 Agrippinam
946 2542 980 2598 et
1013 2533 1179 2598 Neronem

203 2636 345 2702 insidiis.
363 2638 436 2722 quis
453 2636 589 2702 additus
604 2634 701 2702 miles
717 2637 863 2718 nuntios,
879 2636 1048 2720 introitus,
1066 2645 1180 2723 aperta

152 2760 177 2800 ιι
205 2749 335 2806 secreta
358 2739 450 2807 velut
473 2742 507 2805 in
531 2739 672 2805 annales
696 2739 874 2820 referebat,
898 2739 1052 2825 ultroque
1077 2751 1178 2805 strue·
1232 2777 1233 2834 ;

203 2843 337 2928 bantur,
362 2846 418 2931 qui
440 2854 614 2910 monerent
635 2842 812 2930 perfugere
835 2843 881 2908 ad
897 2841 1104 2909 Germaniae
1127 2865 1177 2907 ex·
1232 2847 1233 2922 3

204 2949 328 3013 ercitus
350 2947 403 3012 vel
435 2947 652 3013 celeberrimo
672 2947 746 3012 ¹fori
771 2947 915 3032 effigiem
944 2947 1013 3012 divi
1036 2945 1178 3030 Augusti
1232 2947 1233 3032 l

205 3050 364 3138 amplecti
390 3051 612 3139 populumque
641 3071 681 3116 ac
712 3059 866 3116 senatum
895 3049 1021 3116 auxilio
1046 3071 1176 3114 vocare.
1232 3067 1233 3072 ¹

206 3178 310 3241 eaque
334 3165 447 3241 spreta
470 3155 514 3220 ab
531 3154 609 3239 illis,
632 3153 725 3220 velut
740 3165 911 3241 pararent,
935 3151 1174 3221 obiciebantur.
1232 3145 1233 3204 l

307 3257 358 3322 68.
392 3258 488 3324 Iunio
524 3256 640 3323 Silano
671 3268 705 3322 et
728 3254 811 3322 Silio
845 3257 957 3323 Nerva
987 3255 1175 3323 consulibus
1232 3255 1233 3264 ’

206 3359 338 3423 foedum
373 3361 454 3424 anni
487 3361 688 3445 principium
721 3359 860 3424 incessit
884 3368 1005 3443 tracto
1041 3360 1076 3424 in
1110 3379 1173 3424 car·
1232 3345 1233 3440 l

206 3483 316 3526 cerem
349 3460 483 3527 inlustri
516 3465 627 3548 equite
655 3461 820 3545 Romano,
846 3461 938 3528 Titio
963 3461 1106 3546 Sabino,
1139 3459 1173 3526 ob
1232 3471 1233 3474 ’

207 3563 392 3628 amicitiam
416 3561 626 3629 Germanici:
649 3585 756 3650 neque
783 3565 872 3632 enim
889 3567 1049 3630 omiserat
1069 3567 1174 3632 coniu-
