2552 4084
293 313 339 362 AB
357 311 519 364 EXOESSU
537 311 696 366 AUGUSTI
714 311 749 364 ll.
768 308 903 382 att-aa]
1029 309 1070 378 69

196 497 250 566 22.
273 498 441 568 Laudatis
469 525 529 589 pro
552 505 711 570 contione
733 499 919 569 victoribus
942 501 1072 570 Caesar

90 608 289 690 congeriem
313 629 479 672 armorum
513 607 654 689 struxit,
685 607 827 694 superbo
850 627 927 672 cum
954 607 1071 673 titulo:

91 707 276 775 debellatis
306 711 393 776 inter
415 710 566 775 Rhenum
589 710 769 797 Albimque
795 709 990 776 nationibus
1015 733 1072 776 ex·
1160 723 1164 730 '

91 815 238 878 ercitum
266 812 393 879 Tiberii
416 811 575 880 Caesaris
605 836 644 879 ea
673 815 878 880 monimenta
907 813 1010 879 Marti
1039 824 1072 880 et

91 916 167 981 Iovi
203 925 236 982 et
267 915 420 1001 Augusto
445 918 645 982 sacravisse.
671 916 712 983 de
746 939 782 982 se
814 916 899 982 nihil
927 917 1071 1002 addidit,
1099 932 1111 972 ⁵

91 1030 184 1085 metu
220 1019 369 1085 invidiae
398 1043 441 1086 an
472 1031 566 1087 ratus
603 1023 847 1088 conscientiam
875 1021 959 1086 facti
988 1023 1072 1087 satis

94 1143 179 1188 esse.
225 1143 305 1188 mox
326 1123 452 1189 bellum
474 1125 508 1188 in
533 1123 764 1216 Ampsivarios
789 1123 950 1192 Stertinio
980 1147 1073 1191 man·

94 1226 164 1311 dat,
188 1228 226 1291 ni
250 1225 454 1292 deditionem
475 1229 758 1314 properavissent.
791 1239 891 1315 atque
920 1227 970 1295 illi
999 1251 1074 1315 sup·

92 1330 202 1417 plioes
224 1329 310 1397 nihil
332 1329 509 1396 abnuendo
531 1333 667 1397 veniam
691 1333 836 1397 omnium
860 1353 1031 1418 accepere.

200 1433 252 1498 23.
283 1432 351 1499 Sed
384 1444 515 1500 aestate
545 1437 613 1500 iam
640 1434 758 1502 adulta
788 1434 957 1520 legionum
987 1435 1075 1501 aliae

96 1541 220 1604 itinere
244 1540 397 1605 terrestri
421 1540 456 1603 in
489 1537 712 1604 hibernacula
740 1541 918 1624 remissae3
962 1539 1075 1628 plures

96 1640 229 1707 Caesar
245 1641 349 1707 classi
365 1643 531 1727 inpositas
545 1664 607 1729 per
620 1643 742 1709 flumen
759 1642 923 1709 Amisiam
939 1643 1075 1708 Oceano

95 1747 240 1811 invexit.
270 1765 309 1808 ae
333 1745 439 1829 primo
462 1744 635 1830 placidum
665 1767 790 1833 aequor
819 1746 911 1812 millo
939 1748 1076 1812 navium

95 1851 198 1916 remis
223 1858 372 1933 strepere
395 1855 453 1912 aut
476 1849 561 1914 velis
585 1849 716 1936 inpelli:
738 1872 819 1916 mox
842 1861 915 1916 atro
939 1849 1077 1916 nubium
1103 1863 1116 1902 ⁵

96 1951 201 2037 globo
225 1951 329 2016 effusa
345 1950 487 2035 grando,
511 1951 610 2017 simul
625 1955 731 2017 variis
754 1952 902 2040 undique
917 1952 1076 2039 procellis

97 2057 222 2121 incerti
249 2055 370 2120 fluctus
403 2066 618 2143 prospectum
653 2057 810 2142 adimere,
844 2059 994 2142 regimen
1029 2059 1077 2120 in-

95 2159 231 2246 pedire3
253 2158 415 2244 milesque
431 2158 575 2244 pavidus
600 2169 633 2225 et
656 2181 796 2226 casuum
810 2163 914 2226 maris
939 2163 1077 2245 ignarus

98 2263 179 2328 dum
202 2262 319 2329 turbat
340 2272 464 2327 nautas
486 2262 541 2328 vel
566 2264 802 2350 intempestive
826 2266 936 2347 iuvat,
966 2265 1078 2328 officia

97 2365 314 2452 prudentium
334 2364 580 2451 corrumpebat.
618 2389 715 2432 omne
745 2366 866 2434 dehinc
890 2366 1021 2433 caelum
1045 2377 1078 2432 et
1105 2381 1131 2420 1⁰

98 2492 193 2536 mare
230 2491 324 2535 omne
359 2470 394 2532 in
427 2479 579 2536 austrum
602 2473 722 2556 cessit,
758 2473 814 2559 qui
848 2470 971 2536 umidis
996 2467 1078 2534 Ger-

98 2574 235 2638 maniae
251 2573 361 2655 terris,
384 2573 558 2656 profundis
575 2574 740 2658 amnibus,
764 2576 925 2640 immenso
941 2572 1080 2639 nubium

99 2687 215 2742 tractu
237 2675 372 2741 validus
398 2685 431 2742 et
454 2678 567 2761 rigore
581 2679 686 2742 vicini
711 2679 949 2764 septentrionis
973 2677 1079 2742 horri-

101 2780 178 2846 dior
209 2781 322 2866 rapuit
351 2779 552 2867 disiecitque
585 2803 691 2846 naves
721 2783 755 2846 in
797 2791 915 2868 aperta
950 2781 1080 2846 Oceani

101 2895 162 2950 aut
184 2881 314 2949 insulas
344 2885 438 2948 saxis
469 2883 622 2970 abruptis
651 2884 706 2950 vel
736 2907 797 2971 per
824 2883 959 2951 occulta
987 2884 1078 2949 vada
1106 2897 1130 2936 1⁵

101 2987 254 3053 infestas.
278 2986 549 3073 quibuspaulum
566 3007 732 3074 aegreque
747 2990 876 3072 vitatis,
902 2996 1081 3074 postquam

100 3089 257 3156 mutabat
281 3099 394 3155 aestus
419 3090 600 3176 eodemque
624 3112 687 3177 quo
704 3101 824 3157 ventus
847 3090 989 3174 ferebat,
1012 3111 1079 3154 non

102 3194 288 3260 adhaerere
311 3194 458 3277 ancoris,
481 3215 549 3258 non
573 3194 752 3260 exhaurire
776 3195 997 3280 inrumpentis
1021 3215 1080 3256 un-

104 3297 166 3364 das
190 3306 363 3384 poterant:
387 3299 472 3385 equi,
495 3299 654 3381 iumenta,
679 3298 845 3380 sarcinae,
869 3298 971 3361 etiam
987 3317 1079 3359 arma

102 3403 381 3488 praecipitantur,
405 3422 468 3488 quo
484 3399 680 3466 levarentur
695 3400 794 3482 alvei,
818 3406 995 3465 manantes
1018 3419 1078 3484 per
1107 3413 1132 3454 ²0

102 3506 214 3572 latera
236 3516 271 3571 et
292 3505 396 3570 fluctu
419 3514 670 3590 superungente.
