2500 4084
222 324 280 388 178
457 347 467 354 *-
547 323 722 374 conunnu
740 322 862 374 moiri

218 523 348 578 rentur.
372 513 433 580 sed
455 513 489 578 hi
512 513 647 601 quidem
670 516 789 579 statim
811 515 975 599 exempti:
1010 514 1046 578 in
1068 523 1200 599 patrem

218 639 262 681 ex
286 617 390 683 servis
415 618 619 704 quaesitum,
643 626 677 682 et
699 617 853 703 quaestio
883 616 1029 682 adversa
1059 638 1199 683 accusa·

216 721 283 785 tori
306 720 379 785 fuit.
425 722 482 806 qui
505 720 633 786 scelere
661 742 780 785 vecors
788 770 796 804 ,
827 720 924 785 simul
947 719 1043 804 vulgi
1065 743 1200 786 rumore

218 824 368 906 territus,
391 822 494 888 robur
517 831 550 888 et
574 846 694 888 saxum
717 831 777 888 aut
798 821 1047 909 parricidarum
1069 845 1198 910 poenas

166 955 191 994 ιο
217 927 456 1006 minitantium,
492 928 595 992 cessit
628 926 721 991 urbe.
756 949 796 992 ao
831 935 1000 992 retractus
1030 926 1196 993 Ravenna

218 1031 356 1115 exsequi
397 1032 650 1096 accusationem
690 1030 859 1115 adigitur,
897 1051 964 1095 non
1002 1029 1197 1097 occultante

217 1133 355 1199 Tiberio
378 1143 475 1199 vetus
500 1133 614 1200 odium
644 1133 826 1201 adversum
849 1133 1001 1201 exsulem
1024 1133 1197 1200 Serenum.

217 1261 296 1303 nam
317 1249 394 1325 post
417 1238 614 1304 damnatum
629 1238 796 1306 Libonem
818 1241 929 1305 missis
954 1239 1000 1304 ad
1014 1236 1197 1306 Gaesarem

216 1341 340 1408 litteris
364 1342 631 1428 exprobraverat
658 1366 754 1410 suum
783 1353 916 1410 tantum
944 1343 1097 1410 studium
1128 1345 1197 1408 sine

167 1472 192 1511 rs
219 1446 331 1512 fructu
352 1446 465 1530 fuisse,
495 1445 743 1534 addideratque
766 1447 932 1533 quaedam
961 1448 1196 1513 contumacius

218 1572 318 1636 quam
351 1560 461 1616 tutum
495 1549 585 1637 apud
619 1572 716 1615 aures
752 1549 913 1637 superbas
953 1560 985 1615 et
1021 1550 1196 1616 offensioni

217 1655 401 1741 proniores.
426 1676 466 1718 ea
483 1651 611 1718 Caesar
635 1664 710 1720 octo
733 1663 810 1740 post
834 1676 939 1720 annos
963 1653 1110 1736 rettulit,
1133 1675 1195 1718 me·

219 1757 310 1823 dium
342 1767 472 1844 tempus
501 1760 595 1823 varie
629 1779 793 1843 arguens,
828 1759 930 1823 etiam
964 1758 994 1822 si
1027 1765 1196 1823 tormenta

216 1864 409 1950 pervicacia
433 1883 603 1928 servorum
626 1872 745 1928 contra
768 1863 970 1928 evenissent.

320 1963 372 2031 30.
395 1966 507 2031 Dictis
544 1966 620 2031 dein
644 1967 820 2032 sententiis
854 1975 891 2031 ut
925 1962 1072 2029 Serenus
1107 1985 1197 2028 more

217 2072 381 2136 maiorum
402 2071 592 2156 puniretur,
627 2091 690 2155 quo
713 2067 859 2134 molliret
883 2067 1066 2150 invidiam,
1094 2067 1197 2132 inter·

218 2175 331 2240 cessit.
378 2171 497 2239 Gallus
531 2172 670 2238 Asinius
694 2195 771 2237 cum
805 2169 920 2258 Gyaro
962 2178 1020 2236 aut
1055 2169 1197 2235 Donusa

219 2277 446 2343 claudendum
473 2287 643 2362 censeret,
680 2277 716 2342 id
744 2297 875 2364 quoque
903 2282 1107 2363 aspernatus
1138 2283 1198 2354 est,

179 2415 192 2456 ὅ
219 2403 361 2466 egenam
383 2403 491 2467 aquae
513 2390 689 2468 utramque
712 2379 858 2446 insulam
877 2379 1026 2444 referens
1051 2376 1198 2442 dandos·

219 2507 282 2572 que
304 2487 397 2551 vitae
419 2508 510 2569 usus,
534 2486 589 2550 cui
612 2485 684 2550 vita
708 2483 958 2549 concederetur.
982 2483 1032 2546 ita
1049 2479 1197 2545 Serenus

218 2587 402 2672 Amorgum
431 2596 631 2673 reportatur.
661 2588 795 2672 etquis
818 2583 986 2652 Cornutus
1011 2606 1072 2648 sua
1094 2605 1198 2648 manu

219 2690 398 2773 ceciderat,
423 2700 535 2756 actum
559 2689 600 2754 de
614 2691 773 2775 praemiis
798 2697 1034 2754 accusatorum
1057 2685 1197 2752 abolen-

180 2881 182 2883 .
220 2793 287 2877 dis,
313 2795 340 2858 si
363 2795 438 2880 quis
460 2795 650 2859 maiestatis
679 2792 870 2879 postulatus
901 2799 980 2857 ante
1007 2790 1198 2877 perfectum

168 2885 199 2973 10¹
219 2896 381 2963 iudicium
421 2920 457 2961 se
486 2899 557 2983 ipse
585 2897 657 2962 vita
686 2898 901 2982 privavisset.
947 2894 1129 2979 ibaturque
1163 2896 1196 2958 in

219 3023 294 3066 eam
317 3001 530 3083 sententiam,
553 3000 589 3064 ni
613 2998 728 3064 durius
752 3008 936 3085 contraque
950 3018 1078 3064 morem
1103 3023 1197 3066 suum

218 3102 332 3191 palam
346 3126 406 3190 pro
430 3101 685 3168 accusatoribus
702 3098 830 3167 Caesar
852 3103 973 3167 inritas
996 3100 1102 3186 leges,
1126 3125 1196 3168 rem

218 3205 389 3293 publicam
412 3209 446 3271 in
473 3207 653 3293 praecipiti
688 3214 890 3292 conquestus
921 3215 1026 3270 esset:
1056 3205 1195 3271 subver-

219 3319 330 3376 terent
355 3312 468 3396 potius
495 3311 570 3374 iura
601 3330 700 3394 quam
731 3307 889 3373 custodes
919 3329 1032 3373 eorum
1062 3330 1196 3375 amove·

169 3447 195 3486 u
219 3422 305 3477 rent.
329 3416 377 3477 sic
402 3411 586 3497 delatores,
610 3433 715 3497 genus
738 3411 907 3476 hominum
929 3410 1065 3498 publico
1089 3415 1194 3478 exitio

220 3525 389 3600 repertum
411 3523 444 3578 et
466 3537 508 3580 ne
529 3518 646 3601 poenis
662 3514 796 3602 quidem
810 3536 969 3601 umquam
991 3517 1076 3580 satis
1101 3526 1194 3581 coer·

222 3617 334 3699 oitum,
357 3639 416 3703 per
437 3619 587 3703 praemia
610 3616 842 3685 eliciebantur.
