2552 4084
272 303 318 354 AB
337 300 502 356 EXOESSU
522 302 678 356 AUGUSTI
695 303 731 354 Π.
750 303 861 356 ott-62.
1008 301 1052 366 95

55 501 95 556 et
110 513 112 516 ’
127 492 319 560 Bactriano
354 517 396 560 ao
425 493 554 580 Scytha
583 496 724 581 potitum
758 515 906 581 quasque
941 502 1049 559 terras

56 594 147 662 Suri
169 595 391 685 Armeniique
424 607 458 665 et
491 599 643 682 contigui
671 596 891 684 Cappadoces
924 595 1048 679 colunt,

56 699 147 764 inde
181 699 384 786 Bithynum,
417 699 496 767 hinc
530 700 674 787 Lycium
707 701 753 766 ad
786 723 878 766 mare
910 700 1048 786 imperio

56 807 230 870 tenuisse.
275 804 477 889 legebantur
507 814 540 870 et
569 803 699 870 indicta
728 804 886 889 gentibus
909 802 1048 886 tributa,
1076 817 1101 855 2⁰

56 908 201 994 pondus
224 911 359 994 argenti
388 919 421 973 et
452 911 541 992 auri,
568 931 724 974 numerus
753 930 921 974 armorum
949 928 1047 994 equo-

56 1035 208 1100 rumque
231 1023 264 1078 et
287 1013 376 1079 dona
398 1013 532 1100 templis
557 1012 639 1078 ebur
662 1022 761 1099 atque
785 1012 922 1096 odores,
950 1033 1047 1098 quas-

57 1137 128 1201 que
152 1118 271 1203 copias
294 1116 452 1183 frumenti
476 1125 508 1181 et
525 1118 671 1182 omnium
686 1117 880 1183 utensilium
896 1137 1048 1202 quaeque

56 1220 160 1284 natio
185 1220 356 1306 penderet,
379 1220 472 1286 haud
493 1222 603 1287 minus
618 1221 812 1305 magnifica,
835 1242 936 1307 quam
957 1242 1046 1286 nunc

57 1325 96 1387 vi
120 1322 326 1390 Parthorum
349 1335 407 1391 aut
431 1326 583 1412 potentia
605 1324 757 1392 Romana
780 1324 947 1392 iubentur.
1072 1333 1098 1374 ²⁵

170 1425 223 1491 61.
247 1426 403 1494 Ceterum
426 1426 650 1494 Germanicus
681 1427 757 1494 eliis
787 1450 918 1516 quoque
946 1430 1045 1495 mira-

61 1528 151 1595 culis
189 1531 335 1597 intendit
369 1533 533 1616 auimum,
564 1554 703 1618 quorum
737 1534 919 1619 praecipua
952 1533 1045 1603 fuere

61 1632 255 1700 Memnonis
279 1658 384 1702 saxea
408 1637 553 1721 effigies,
576 1638 634 1703 ubi
656 1637 762 1703 radiis
787 1636 866 1703 solis
891 1639 960 1702 icta
983 1645 1044 1720 est,

62 1736 220 1803 vocalem
243 1760 361 1804 sonum
383 1740 539 1826 reddens,
563 1741 789 1829 disiectasque
818 1743 906 1806 inter
929 1749 962 1806 et
983 1741 1045 1806 vix

62 1842 201 1926 pervias
225 1864 345 1908 arenas
368 1845 478 1910 instar
499 1846 662 1910 montium
685 1845 828 1912 eductae
850 1843 1043 1931 pyramides
1068 1861 1083 1903 ⁶

63 1947 251 2011 certamine
275 1957 308 2013 et
324 1947 440 2034 opibus
464 1957 590 2033 regum,
613 1949 775 2034 lacusque
790 1949 911 2014 effossa
934 1947 1043 2030 humo,

64 2048 298 2135 superfluentis
313 2049 383 2116 Nili
399 2051 631 2138 receptacula3
648 2063 750 2138 atque
766 2051 849 2118 alibi
862 2052 1042 2137 angustiae

65 2163 98 2216 et
126 2152 294 2237 profunda
330 2153 492 2239 altitude,
520 2155 622 2221 nullis
656 2157 895 2242 inquirentium
923 2156 1041 2242 spatiis

64 2253 293 2340 penetrabilis.
318 2258 407 2322 exim
422 2267 560 2324 ventum
574 2257 823 2344 Elephantinen
839 2282 880 2326 ac
897 2258 1042 2346 Syenen,

65 2357 216 2425 claustra
239 2359 317 2426 olim
339 2361 483 2428 Romani
505 2364 651 2449 imperii,
681 2362 770 2448 quod
793 2385 881 2429 nunc
904 2362 1042 2430 rubrum
1068 2379 1094 2419 1⁰

66 2460 110 2527 ad
131 2484 225 2528 mare
246 2465 403 2550 patescit.

167 2564 218 2630 62.
252 2566 342 2633 Dum
377 2591 417 2635 ca
451 2579 564 2635 aestas
600 2567 803 2636 Germanico
835 2569 948 2657 plures
981 2592 1042 2657 per

67 2669 256 2754 provincias
291 2674 509 2757 transigitur,
544 2673 635 2740 haud
663 2674 737 2740 leve
772 2673 873 2740 decus
907 2673 1038 2740 Drusus

67 2773 230 2858 quaesivit
254 2774 409 2841 inliciens
434 2773 620 2843 Germanos
650 2777 695 2844 ad
726 2776 914 2843 discordias
938 2788 1039 2863 utque

68 2876 172 2942 fracto
195 2877 261 2942 iam
283 2877 491 2946 Maroboduo
515 2902 620 2966 usque
645 2882 679 2946 in
703 2883 844 2947 exitium
867 2883 1039 2948 insistere·

66 2989 127 3044 tur.
171 2992 244 3047 erat
276 2984 365 3048 inter
398 2981 547 3050 Gotones
581 2984 706 3050 nobilis
740 2987 870 3051 iuvenis
905 2986 1039 3050 nomine
1065 3014 1078 3054 s

69 3080 243 3169 Catualda,
265 3086 426 3171 profugus
450 3087 529 3152 olim
552 3090 587 3152 vi
601 3088 803 3155 Marobodui
826 3099 859 3155 et
881 3099 962 3156 tunc
980 3089 1038 3154 du·

67 3186 128 3252 biis
154 3187 252 3254 rebus
283 3191 355 3255 eius
384 3190 546 3257 ultionem
576 3215 688 3258 ausus.
734 3194 763 3258 is
792 3194 908 3260 valida
937 3217 1039 3260 manu

67 3290 146 3356 fines
172 3290 463 3359 Marcomanorum
491 3295 680 3379 ingreditur
713 3298 943 3384 corruptisque
971 3299 1037 3383 pri-

68 3393 205 3460 moribus
229 3395 274 3460 ad
291 3398 490 3464 societatem
512 3401 671 3485 inrumpit
694 3403 823 3485 regiam
845 3399 1036 3467 castellum·

68 3517 126 3583 que
146 3499 241 3564 iuxta
265 3500 375 3566 situm.
420 3511 553 3568 veteres
582 3501 653 3569 illic
678 3502 862 3575 Sueborum
888 3504 1037 3591 praedae
1063 3531 1089 3572 ιο

69 3607 99 3664 et
123 3602 244 3668 nostris
275 3624 293 3667 e
321 3605 504 3690 provinciis
533 3605 626 3672 lixae
655 3628 695 3672 ac
723 3609 954 3692 negotiatores
985 3631 1036 3674 re‘
