2552 4084
290 321 336 374 AB
353 321 517 376 Excusso
533 321 692 375 AUGUSTI
709 323 745 374 II.
763 325 874 375 43-46.
1028 324 1070 390 85

88 517 186 584 dicta
201 519 439 605 imperatorum
454 517 618 603 accipere.
642 537 683 581 ao
699 523 780 582 tune
795 513 968 582 Arminius
985 537 1068 602 equo

87 620 306 688 conlustrans
330 628 464 703 cuncta,
487 627 524 684 ut
547 639 695 706 quosque
718 618 882 684 advectus
906 628 995 703 erat,
1018 643 1068 686 re·

89 727 279 812 ciperatam
300 722 510 807 libertatem,
544 721 733 788 trucidatas
757 720 924 807 legiones,
962 723 1068 810 spolia

90 827 203 894 adhuc
228 836 259 893 et
282 829 352 894 tela
366 827 527 893 Romanis
553 826 690 912 derepta
714 827 749 890 in
771 825 926 892 manibus
949 826 1067 893 multo·
1096 849 1121 890 15
1197 912 1199 920 J

87 955 164 998 rum
187 930 399 1014 ostentabat3
422 939 541 996 contra
564 930 719 1014 fugacem
741 928 985 996 Maroboduum
1009 953 1068 1018 ap·

87 1034 239 1122 pellans,
269 1034 470 1121 proeliorum
499 1042 680 1119 expertem,
711 1032 904 1118 Hercyniae
926 1032 1067 1100 latebris

88 1138 281 1221 defensum3
304 1160 344 1203 ac
367 1159 446 1202 mox
461 1159 521 1223 per
544 1136 632 1201 dona
656 1144 687 1202 et
703 1135 891 1221 legationes
906 1138 1068 1223 petivisse

85 1241 226 1325 foedus,
259 1241 463 1328 proditorem
491 1241 638 1328 patriae,
681 1239 863 1306 satellitem
897 1237 1066 1324 Caesaris,

86 1345 181 1412 haud
209 1347 318 1411 minus
347 1344 487 1410 infensis
518 1344 638 1409 animis
668 1342 932 1425 exturbandum,
967 1365 1066 1430 quam
1093 1367 1119 1406 so

84 1450 218 1516 Varum
234 1447 434 1530 Quintilium
457 1447 698 1514 interfecerint.
721 1447 953 1512 meminissent
968 1446 1066 1512 modo

84 1562 138 1618 tot
160 1551 381 1639 proeliorum,
416 1573 554 1638 quorum
582 1561 706 1618 eventu
729 1561 763 1616 et
791 1550 836 1616 ad
862 1559 1066 1637 postremum

84 1657 208 1722 eiectis
224 1655 384 1720 Romanis
401 1657 485 1720 satis
500 1655 687 1741 probatum,
710 1677 812 1741 penes
827 1661 921 1720 utros
939 1675 1065 1720 summa

83 1758 169 1825 belli
194 1758 305 1823 fiderit.

192 1861 244 1926 46.
266 1861 381 1947 Neque
395 1860 623 1927 Maroboduus
647 1862 813 1927 iactantia
837 1862 887 1926 sui
910 1869 968 1926 aut
991 1883 1063 1947 pro·

83 1967 157 2033 bris
175 1965 211 2030 iu
227 1964 358 2030 hostem
373 1963 582 2048 abstinebat,
606 1963 668 2030 sed
682 1965 931 2048 Inguiomerum
946 1973 1064 2030 tenens

84 2068 145 2137 illo
182 2070 217 2133 in
252 2089 391 2154 corpore
420 2067 521 2133 decus
558 2089 654 2133 omne
682 2066 941 2152 Cheruscorum,
974 2066 1064 2133 illius

83 2171 241 2239 consiliis
271 2180 370 2255 gesta
398 2193 483 2257 quae
511 2193 669 2259 prospere
699 2170 884 2236 ceciderint
913 2169 1064 2236 testaba-

83 2287 157 2342 tur:
180 2274 360 2340 vecordem
375 2273 562 2340 Arminium
578 2285 612 2340 et
626 2297 736 2340 rerum
752 2276 902 2340 nescium
918 2273 1065 2340 alienam
1091 2298 1104 2339 s

84 2379 231 2464 gloriam
247 2379 281 2441 in
298 2399 335 2442 se
351 2377 493 2460 trahere,
518 2378 675 2464 quoniam
698 2387 767 2443 tres
783 2398 890 2462 vagas
913 2376 1064 2461 legiones

85 2492 120 2548 et
134 2481 255 2547 ducem
270 2481 399 2546 fraudis
416 2483 570 2565 ignarum
585 2480 727 2568 pertidia
744 2480 923 2568 deceperit,
939 2501 1064 2565 magna

84 2609 164 2652 cum
187 2583 284 2650 clade
301 2582 505 2651 Germaniae
529 2594 561 2650 et
585 2585 771 2669 ignominia
793 2607 865 2669 sua,
888 2606 964 2650 cum
986 2607 1064 2650 con-

88 2692 183 2770 iunx,
207 2710 282 2753 cum
304 2686 393 2752 filius
417 2689 487 2753 eius
513 2689 686 2753 servitium
710 2687 819 2753 adhuc
843 2687 997 2754 tolerent.
1028 2697 1063 2753 at

86 2815 123 2858 se
147 2790 324 2856 duodecim
346 2790 535 2875 legionibus
559 2792 698 2877 petitum
724 2790 807 2857 duce
829 2791 964 2856 Tiberio
988 2791 1063 2856 inli-
1091 2814 1116 2855 m

85 2896 204 2961 batam
227 2891 470 2959 Germanorum
493 2893 638 2978 gloriam
661 2896 861 2978 servavisse,
884 2916 963 2959 mox
986 2917 1064 2961 con-

87 2999 276 3064 dicionibus
292 2998 408 3084 aequis
426 2996 627 3082 discessum3
649 3020 757 3085 neque
779 2999 951 3084 paenitere
975 2998 1064 3084 quod

86 3105 233 3190 ipsorum
255 3103 290 3167 in
313 3124 415 3168 manu
438 3103 492 3186 sit,
516 3103 684 3185 integrum
699 3101 879 3167 adversum
893 3100 1063 3166 Romanos

85 3206 210 3272 bellum
233 3227 276 3270 an
300 3227 417 3291 pacem
440 3207 651 3270 incruentam
673 3203 803 3269 malint.
847 3203 899 3270 his
923 3205 1062 3272 vocibus

86 3310 265 3375 instinctos
282 3310 449 3376 exercitus
473 3308 627 3395 propriae
649 3328 777 3394 quoque
800 3329 923 3373 causae
948 3309 1062 3372 stimu·
1090 3328 1115 3369 1⁵

86 3411 216 3497 labant,
240 3434 315 3477 eum
337 3433 358 3476 a
375 3398 554 3476 Cheruscis
569 3409 876 3496 Langobardisque
891 3432 950 3496 pro
975 3412 1061 3476 auti-

88 3537 148 3602 quo
174 3515 294 3581 decore
318 3523 376 3581 aut
399 3516 529 3581 receuti
551 3513 710 3580 libertate
731 3521 764 3578 et
787 3522 908 3580 contra
936 3534 1062 3598 augen-

89 3619 148 3685 dae
171 3618 393 3684 dominationi
416 3626 611 3685 certaretur.
635 3638 701 3683 nou
725 3616 811 3684 alias
833 3619 960 3683 maiore
974 3618 1063 3685 mole
