2534 4084
233 279 350 343 XXVI
605 227 840 334 secunaum.

233 467 289 533 lex
312 470 500 534 maiestatis
524 476 695 533 revocata.
718 500 760 513 -
785 467 835 532 73.
869 469 1075 534 delationum
1103 469 1221 554 pestis

232 573 341 655 magis
364 573 539 658 magisque
564 573 699 655 ingruit.
726 607 764 618 -
788 568 839 636 74.
856 571 1037 637 Marcellus
1052 573 1221 637 maiesta-

234 675 277 739 tis
300 673 489 760 postulatus
515 673 712 740 absolvitur.
758 673 886 740 Tiberii
915 677 965 740 ira
993 677 1028 740 in
1058 697 1132 739 eum
1166 676 1221 740 in-

232 780 372 843 cautior.
417 815 458 824 -
499 777 549 843 75.
585 777 673 844 idem
708 777 844 844 iudiciis
879 778 1024 845 adsidet.
1069 777 1221 843 honeste

232 883 410 967 pecuniam
433 903 574 966 erogare
597 882 701 967 cupit.
724 917 767 928 —
790 879 840 946 76.
864 881 996 947 Tiberis
1020 880 1138 946 urbem
1163 883 1220 946 in-

232 985 348 1051 undat.
373 985 504 1051 Achaia
528 995 561 1051 et
575 984 778 1051 Macedonia
795 1006 895 1051 onere
911 985 1056 1050 levatae.
1080 984 1221 1050 Drusus

232 1089 329 1155 ludos
363 1088 585 1173 gladiatorios
621 1088 700 1154 edit.
739 1125 781 1135 —
820 1087 870 1152 77.
906 1088 1030 1153 theatri
1072 1087 1222 1154 licentia

234 1193 392 1259 coercita.
417 1230 459 1238 —
483 1192 533 1255 78.
556 1192 713 1276 Augusto
730 1192 889 1279 templum
906 1191 949 1257 ah
965 1191 1130 1276 Hispanis
1155 1214 1221 1256 ex-

233 1306 406 1361 structum.
430 1298 615 1361 centesima
631 1317 698 1360 non
720 1298 871 1361 remissa.
895 1333 935 1340 —
953 1293 1003 1359 79.
1022 1294 1063 1358 de
1078 1292 1221 1359 Tiberis

233 1399 517 1465 exundationibus
533 1399 749 1464 moderandis
772 1400 900 1465 frustra
923 1397 1147 1464 consultatur.
1174 1435 1221 1442 —

232 1502 284 1568 80.
308 1502 465 1568 Tiberius
488 1525 549 1568 cur
570 1502 745 1589 praesides
768 1503 1019 1588 provinciarum
1042 1521 1118 1565 raro
1144 1522 1221 1564 mu-

234 1609 367 1673 taverit.
401 1643 443 1653 -
477 1606 528 1671 81.
563 1608 773 1672 comitiorum
807 1605 1033 1673 consularium
1071 1604 1220 1670 confusa
1250 1615 1251 1618 ’

130 1720 133 1728 “
233 1712 333 1775 ratio.

623 1899 827 1910 -—.-—--

335 2001 440 2067 Liber
463 2003 506 2067 Π.
531 2023 594 2087 quo
611 2004 827 2068 continentur
850 2025 903 2066 res
920 2010 1038 2084 gestae
1054 2010 1221 2086 quattuor

233 2127 398 2170 annorum
422 2106 526 2188 (XVI.
550 2128 656 2191 usque
680 2106 726 2170 ad
749 2105 858 2184 XIX.)

338 2207 365 2272 1.
388 2209 492 2274 Initia
523 2207 605 2274 belli
636 2207 797 2274 Parthici.
830 2207 989 2272 Vonones
1025 2208 1122 2274 obses
1148 2208 1219 2274 Au·

235 2323 333 2396 gusto
357 2311 527 2397 quondam
552 2312 651 2378 datus
675 2334 696 2376 a
718 2310 865 2378 Phraate
888 2322 996 2398 patre.
1020 2350 1061 2360 -
1084 2311 1114 2376 2.
1140 2314 1171 2378 is
1198 2338 1218 2378 a

232 2416 433 2500 primoribus
456 2415 590 2481 Parthis
607 2417 713 2482 Roma
737 2417 868 2481 accitus
891 2415 1110 2502 popularibus
1133 2439 1217 2482 mox

232 2520 373 2584 invisus.
406 2553 449 2564 -
483 2517 512 2582 3.
543 2518 586 2583 ah
610 2518 786 2584 Artabano
820 2519 936 2604 pulsus
967 2519 1013 2583 ad
1035 2518 1216 2585 Armenios

233 2622 391 2708 profugit.
420 2658 462 2668 —
489 2621 519 2686 4.
544 2625 578 2686 in
603 2621 762 2688 Armenia
791 2623 933 2688 mutatio
957 2644 1083 2706 regum.
1114 2658 1156 2668 -
1182 2623 1214 2686 5.
1246 2569 1247 2662 l

234 2723 457 2790 Germanicus
481 2748 501 2789 a
524 2725 661 2791 Tiberio
685 2734 866 2791 revocatus
890 2725 935 2790 ad
959 2725 1213 2811 componendas

232 2849 286 2893 res
311 2826 471 2894 Orientis.
496 2827 571 2893 ideo
595 2827 839 2894 accelerandae
862 2829 1029 2894 victoriae
1052 2829 1217 2893 intentior

233 2930 420 2997 Germanos
444 2931 623 2997 confestim
647 2932 791 3016 aggredi
813 2942 923 3017 parat.
961 2969 997 2978 -
1034 2930 1063 2994 6.
1088 2930 1213 2996 classis

233 3035 314 3098 eius.
343 3033 451 3099 Rheni
480 3055 598 3100 cursus
624 3034 838 3099 describitur.
873 3068 915 3079 -
949 3031 978 3096 7.
1002 3033 1144 3120 irruptio
1180 3037 1213 3099 in

232 3134 385 3203 Chattos.
419 3137 523 3201 Drusi
559 3160 620 3202 ara
648 3138 816 3202 restituta.
851 3171 893 3182 ——
927 3135 957 3201 8.
988 3134 1212 3205 Germanicus

231 3241 358 3305 fossam
391 3239 599 3305 Drusianam
634 3242 806 3323 ingressus
840 3239 934 3305 lacus
971 3250 1004 3305 et
1038 3240 1212 3307 Oceanum

231 3366 337 3430 usque
360 3343 406 3409 ad
428 3342 593 3408 Amisiam
614 3340 818 3430 pervehitur.
848 3345 882 3408 in
914 3342 1057 3409 rebelles
1080 3343 1211 3432 Ampsi-

231 3449 345 3513 varios
381 3447 663 3513 animadversum.
701 3483 737 3493 —
771 3446 792 3509 9
826 3457 860 3512 et
884 3446 934 3511 10.
958 3446 1104 3513 Arminii
1135 3469 1210 3514 cum

231 3551 340 3617 Flavo
363 3550 470 3615 fratre
497 3549 715 3636 colloquium,
749 3549 827 3614 inde
862 3550 973 3634 iurgia
1008 3559 1040 3614 et
1072 3551 1134 3614 ira.
1169 3587 1208 3597 —-
