<?xml version="1.0" encoding="UTF-8"?>
<!DOCTYPE html PUBLIC "-//W3C//DTD XHTML 1.0 Transitional//EN"
    "http://www.w3.org/TR/xhtml1/DTD/xhtml1-transitional.dtd">
<html xmlns="http://www.w3.org/1999/xhtml" xml:lang="en" lang="en">
 <head>
  <title>
</title>
<meta http-equiv="Content-Type" content="text/html;charset=utf-8" />
  <meta name='ocr-system' content='tesseract 3.04.00' />
  <meta name='ocr-capabilities' content='ocr_page ocr_carea ocr_par ocr_line ocrx_word'/>
</head>
<body>
  <div class='ocr_page' id='page_1' title='image "./corneliitacitia03tacigoog_0040.png"; bbox 0 0 2534 4084; ppageno 0'>
   <div class='ocr_carea' id='block_1_1' title="bbox 399 289 1027 403">
    <p class='ocr_par' dir='ltr' id='par_1_1' title="bbox 399 289 1027 403">
     <span class='ocr_line' id='line_1_1' title="bbox 399 289 1027 403; baseline -0.002 -7"><span class='ocrx_word' id='word_1_1' title='bbox 399 289 654 397; x_wconf 50' lang='lat' dir='ltr'><strong>&#39;leonnatus</strong></span> <span class='ocrx_word' id='word_1_2' title='bbox 859 335 1027 403; x_wconf 78' lang='lat' dir='ltr'><strong>xxxvll</strong></span> 
     </span>
    </p>
   </div>
   <div class='ocr_carea' id='block_1_2' title="bbox 43 530 1026 836">
    <p class='ocr_par' dir='ltr' id='par_1_2' title="bbox 43 530 1026 836">
     <span class='ocr_line' id='line_1_2' title="bbox 43 530 1026 618; baseline -0.018 -11"><span class='ocrx_word' id='word_1_3' title='bbox 43 542 172 607; x_wconf 89' lang='lat' dir='ltr'><strong>damna</strong></span> <span class='ocrx_word' id='word_1_4' title='bbox 203 538 284 605; x_wconf 91' lang='lat' dir='ltr'><strong>belli</strong></span> <span class='ocrx_word' id='word_1_5' title='bbox 315 536 515 605; x_wconf 79' lang='lat' dir='ltr'><strong>dissimulat.</strong></span> <span class='ocrx_word' id='word_1_6' title='bbox 550 533 659 618; x_wconf 92' lang='lat' dir='ltr'><strong>turpis</strong></span> <span class='ocrx_word' id='word_1_7' title='bbox 689 530 842 600; x_wconf 79' lang='lat' dir='ltr'><strong>adulatio</strong></span> <span class='ocrx_word' id='word_1_8' title='bbox 878 538 1026 601; x_wconf 79' lang='lat' dir='ltr'><strong>senatus.</strong></span> 
     </span>
     <span class='ocr_line' id='line_1_3' title="bbox 43 637 1026 726; baseline -0.015 -15"><span class='ocrx_word' id='word_1_9' title='bbox 43 645 163 710; x_wconf 86' lang='lat' dir='ltr'><strong>Seiani</strong></span> <span class='ocrx_word' id='word_1_10' title='bbox 195 644 403 726; x_wconf 82' lang='lat' dir='ltr'><strong>arrogantia.</strong></span> <span class='ocrx_word' id='word_1_11' title='bbox 433 679 475 688; x_wconf 92' lang='lat'>-</span> <span class='ocrx_word' id='word_1_12' title='bbox 506 638 556 706; x_wconf 76' lang='lat'><strong>75.</strong></span> <span class='ocrx_word' id='word_1_13' title='bbox 586 637 647 702; x_wconf 85' lang='lat' dir='ltr'><strong>On.</strong></span> <span class='ocrx_word' id='word_1_14' title='bbox 677 640 847 712; x_wconf 68' lang='lat' dir='ltr'><strong>Domitius</strong></span> <span class='ocrx_word' id='word_1_15' title='bbox 870 638 1026 726; x_wconf 84' lang='lat' dir='ltr'><strong>Agrippi-</strong></span> 
     </span>
     <span class='ocr_line' id='line_1_4' title="bbox 43 745 818 836; baseline 0.005 -24"><span class='ocrx_word' id='word_1_16' title='bbox 43 771 136 831; x_wconf 80' lang='lat' dir='ltr'><strong>nam,</strong></span> <span class='ocrx_word' id='word_1_17' title='bbox 162 745 360 812; x_wconf 80' lang='lat' dir='ltr'><strong>Germanici</strong></span> <span class='ocrx_word' id='word_1_18' title='bbox 383 746 497 831; x_wconf 88' lang='lat' dir='ltr'><strong>filiam,</strong></span> <span class='ocrx_word' id='word_1_19' title='bbox 520 769 660 813; x_wconf 86' lang='lat' dir='ltr'><strong>uxorem</strong></span> <span class='ocrx_word' id='word_1_20' title='bbox 682 751 818 836; x_wconf 86' lang='lat' dir='ltr'><strong>accipit.</strong></span> 
     </span>
    </p>
   </div>
   <div class='ocr_carea' id='block_1_3' title="bbox 44 1057 1031 2079">
    <p class='ocr_par' dir='ltr' id='par_1_3' title="bbox 150 1057 1030 1145">
     <span class='ocr_line' id='line_1_5' title="bbox 150 1057 1030 1145; baseline 0.003 -23"><span class='ocrx_word' id='word_1_21' title='bbox 150 1057 229 1123; x_wconf 92' lang='lat' dir='ltr'><strong>Lib.</strong></span> <span class='ocrx_word' id='word_1_22' title='bbox 252 1058 293 1123; x_wconf 93' lang='lat' dir='ltr'><strong>V.</strong></span> <span class='ocrx_word' id='word_1_23' title='bbox 317 1060 373 1145; x_wconf 94' lang='lat' dir='ltr'><strong>qui</strong></span> <span class='ocrx_word' id='word_1_24' title='bbox 390 1059 624 1145; x_wconf 81' lang='lat' dir='ltr'><strong>complectitur</strong></span> <span class='ocrx_word' id='word_1_25' title='bbox 646 1060 778 1126; x_wconf 90' lang='lat' dir='ltr'><strong>initium</strong></span> <span class='ocrx_word' id='word_1_26' title='bbox 802 1062 882 1126; x_wconf 91' lang='lat' dir='ltr'><strong>anni</strong></span> <span class='ocrx_word' id='word_1_27' title='bbox 898 1060 1030 1125; x_wconf 88' lang='lat' dir='ltr'>XXIX.</span> 
     </span>
    </p>

    <p class='ocr_par' dir='ltr' id='par_1_4' title="bbox 44 1161 1031 1663">
     <span class='ocr_line' id='line_1_6' title="bbox 158 1161 1029 1249; baseline 0.001 -21"><span class='ocrx_word' id='word_1_28' title='bbox 158 1161 243 1249; x_wconf 78' lang='lat' dir='ltr'><strong>Cap.</strong></span> <span class='ocrx_word' id='word_1_29' title='bbox 268 1164 296 1225; x_wconf 93' lang='lat'><strong>1.</strong></span> <span class='ocrx_word' id='word_1_30' title='bbox 319 1162 441 1228; x_wconf 87' lang='lat' dir='ltr'><strong>Liviae</strong></span> <span class='ocrx_word' id='word_1_31' title='bbox 456 1165 631 1247; x_wconf 80' lang='lat' dir='ltr'><strong>Augustae</strong></span> <span class='ocrx_word' id='word_1_32' title='bbox 647 1185 736 1229; x_wconf 84' lang='lat' dir='ltr'><strong>mors</strong></span> <span class='ocrx_word' id='word_1_33' title='bbox 760 1176 793 1231; x_wconf 86' lang='lat' dir='ltr'><strong>et</strong></span> <span class='ocrx_word' id='word_1_34' title='bbox 817 1163 971 1248; x_wconf 83' lang='lat' dir='ltr'><strong>elogium.</strong></span> <span class='ocrx_word' id='word_1_35' title='bbox 987 1200 1029 1209; x_wconf 91' lang='lat'>-</span> 
     </span>
     <span class='ocr_line' id='line_1_7' title="bbox 44 1265 1028 1354; baseline 0.003 -26"><span class='ocrx_word' id='word_1_36' title='bbox 44 1266 74 1332; x_wconf 75' lang='grc'><strong>2.</strong></span> <span class='ocrx_word' id='word_1_37' title='bbox 98 1265 259 1331; x_wconf 88' lang='lat' dir='ltr'><strong>Tiberius</strong></span> <span class='ocrx_word' id='word_1_38' title='bbox 293 1267 396 1331; x_wconf 89' lang='lat' dir='ltr'><strong>etiam</strong></span> <span class='ocrx_word' id='word_1_39' title='bbox 429 1276 581 1333; x_wconf 89' lang='lat' dir='ltr'><strong>mortuae</strong></span> <span class='ocrx_word' id='word_1_40' title='bbox 613 1267 758 1354; x_wconf 84' lang='lat' dir='ltr'><strong>iniquus.</strong></span> <span class='ocrx_word' id='word_1_41' title='bbox 796 1305 837 1313; x_wconf 82' lang='lat'>—</span> <span class='ocrx_word' id='word_1_42' title='bbox 859 1267 889 1333; x_wconf 86' lang='lat'><strong>3.</strong></span> <span class='ocrx_word' id='word_1_43' title='bbox 914 1266 1028 1333; x_wconf 90' lang='lat' dir='ltr'><strong>Seiani</strong></span> 
     </span>
     <span class='ocr_line' id='line_1_8' title="bbox 44 1369 1030 1459; baseline -0.001 -23"><span class='ocrx_word' id='word_1_44' title='bbox 44 1372 204 1456; x_wconf 89' lang='lat' dir='ltr'><strong>potentia</strong></span> <span class='ocrx_word' id='word_1_45' title='bbox 227 1371 361 1435; x_wconf 89' lang='lat' dir='ltr'><strong>crescit.</strong></span> <span class='ocrx_word' id='word_1_46' title='bbox 386 1369 574 1456; x_wconf 86' lang='lat' dir='ltr'><strong>Agrippina</strong></span> <span class='ocrx_word' id='word_1_47' title='bbox 599 1379 632 1434; x_wconf 92' lang='lat' dir='ltr'><strong>et</strong></span> <span class='ocrx_word' id='word_1_48' title='bbox 647 1370 735 1436; x_wconf 89' lang='lat' dir='ltr'><strong>Nero</strong></span> <span class='ocrx_word' id='word_1_49' title='bbox 760 1394 780 1436; x_wconf 93' lang='lat' dir='ltr'><strong>a</strong></span> <span class='ocrx_word' id='word_1_50' title='bbox 802 1373 955 1459; x_wconf 90' lang='lat' dir='ltr'><strong>principe</strong></span> <span class='ocrx_word' id='word_1_51' title='bbox 970 1393 1030 1457; x_wconf 89' lang='lat' dir='ltr'><strong>per</strong></span> 
     </span>
     <span class='ocr_line' id='line_1_9' title="bbox 45 1472 1031 1562; baseline 0.001 -24"><span class='ocrx_word' id='word_1_52' title='bbox 45 1475 183 1541; x_wconf 84' lang='lat' dir='ltr'><strong>litteras</strong></span> <span class='ocrx_word' id='word_1_53' title='bbox 206 1474 415 1538; x_wconf 88' lang='lat' dir='ltr'><strong>incusantur.</strong></span> <span class='ocrx_word' id='word_1_54' title='bbox 440 1510 481 1518; x_wconf 89' lang='lat'><strong>—</strong></span> <span class='ocrx_word' id='word_1_55' title='bbox 505 1472 526 1534; x_wconf 89' lang='grc'>4</span> <span class='ocrx_word' id='word_1_56' title='bbox 549 1484 583 1538; x_wconf 91' lang='lat' dir='ltr'><strong>et</strong></span> <span class='ocrx_word' id='word_1_57' title='bbox 606 1473 635 1537; x_wconf 83' lang='lat'><strong>5.</strong></span> <span class='ocrx_word' id='word_1_58' title='bbox 668 1476 702 1538; x_wconf 94' lang='lat' dir='ltr'><strong>in</strong></span> <span class='ocrx_word' id='word_1_59' title='bbox 726 1497 782 1541; x_wconf 91' lang='lat' dir='ltr'><strong>eos</strong></span> <span class='ocrx_word' id='word_1_60' title='bbox 798 1473 910 1562; x_wconf 90' lang='lat' dir='ltr'><strong>populi</strong></span> <span class='ocrx_word' id='word_1_61' title='bbox 933 1475 1031 1539; x_wconf 85' lang='lat' dir='ltr'><strong>favor</strong></span> 
     </span>
     <span class='ocr_line' id='line_1_10' title="bbox 46 1576 780 1663; baseline 0 -20"><span class='ocrx_word' id='word_1_62' title='bbox 46 1582 137 1643; x_wconf 88' lang='lat' dir='ltr'><strong>irato</strong></span> <span class='ocrx_word' id='word_1_63' title='bbox 163 1576 297 1643; x_wconf 85' lang='lat' dir='ltr'><strong>Seiano.</strong></span> <span class='ocrx_word' id='word_1_64' title='bbox 320 1576 477 1643; x_wconf 83' lang='lat' dir='ltr'><strong>Tiberius</strong></span> <span class='ocrx_word' id='word_1_65' title='bbox 499 1576 623 1663; x_wconf 90' lang='lat' dir='ltr'><strong>probra</strong></span> <span class='ocrx_word' id='word_1_66' title='bbox 647 1579 780 1663; x_wconf 89' lang='lat' dir='ltr'><strong>repetit.</strong></span> 
     </span>
    </p>

    <p class='ocr_par' dir='ltr' id='par_1_5' title="bbox 46 1680 1029 2079">
     <span class='ocr_line' id='line_1_11' title="bbox 152 1680 1029 1769; baseline 0.001 -24"><span class='ocrx_word' id='word_1_67' title='bbox 152 1681 277 1748; x_wconf 91' lang='lat' dir='ltr'><strong>Manco</strong></span> <span class='ocrx_word' id='word_1_68' title='bbox 300 1680 387 1747; x_wconf 91' lang='lat' dir='ltr'><strong>libro</strong></span> <span class='ocrx_word' id='word_1_69' title='bbox 410 1681 453 1746; x_wconf 85' lang='lat' dir='ltr'><strong>V.</strong></span> <span class='ocrx_word' id='word_1_70' title='bbox 478 1681 601 1746; x_wconf 86' lang='lat' dir='ltr'><strong>desunt</strong></span> <span class='ocrx_word' id='word_1_71' title='bbox 623 1680 753 1769; x_wconf 91' lang='lat' dir='ltr'><strong>reliqua</strong></span> <span class='ocrx_word' id='word_1_72' title='bbox 782 1683 863 1747; x_wconf 88' lang='lat' dir='ltr'><strong>anni</strong></span> <span class='ocrx_word' id='word_1_73' title='bbox 889 1681 1029 1765; x_wconf 78' lang='lat' dir='ltr'>XXIX,</span> 
     </span>
     <span class='ocr_line' id='line_1_12' title="bbox 46 1783 1026 1872; baseline 0 -23"><span class='ocrx_word' id='word_1_74' title='bbox 46 1789 129 1851; x_wconf 88' lang='lat' dir='ltr'><strong>item</strong></span> <span class='ocrx_word' id='word_1_75' title='bbox 153 1785 266 1850; x_wconf 93' lang='lat' dir='ltr'><strong>omnia</strong></span> <span class='ocrx_word' id='word_1_76' title='bbox 289 1785 370 1849; x_wconf 91' lang='lat' dir='ltr'><strong>anni</strong></span> <span class='ocrx_word' id='word_1_77' title='bbox 393 1783 504 1849; x_wconf 85' lang='lat' dir='ltr'><strong>XXX.</strong></span> <span class='ocrx_word' id='word_1_78' title='bbox 530 1793 620 1869; x_wconf 83' lang='lat' dir='ltr'><strong>acta,</strong></span> <span class='ocrx_word' id='word_1_79' title='bbox 643 1793 811 1871; x_wconf 88' lang='lat' dir='ltr'><strong>postremo</strong></span> <span class='ocrx_word' id='word_1_80' title='bbox 828 1807 914 1872; x_wconf 89' lang='lat' dir='ltr'><strong>quae</strong></span> <span class='ocrx_word' id='word_1_81' title='bbox 938 1806 1026 1850; x_wconf 90' lang='lat' dir='ltr'><strong>anno</strong></span> 
     </span>
     <span class='ocr_line' id='line_1_13' title="bbox 47 1887 1029 1974; baseline -0.001 -21"><span class='ocrx_word' id='word_1_82' title='bbox 47 1889 179 1954; x_wconf 89' lang='lat' dir='ltr'>XXXI.</span> <span class='ocrx_word' id='word_1_83' title='bbox 210 1910 315 1974; x_wconf 87' lang='lat' dir='ltr'><strong>usque</strong></span> <span class='ocrx_word' id='word_1_84' title='bbox 345 1888 390 1954; x_wconf 90' lang='lat' dir='ltr'><strong>ad</strong></span> <span class='ocrx_word' id='word_1_85' title='bbox 418 1911 567 1955; x_wconf 88' lang='lat' dir='ltr'><strong>mensem</strong></span> <span class='ocrx_word' id='word_1_86' title='bbox 598 1887 780 1955; x_wconf 80' lang='lat' dir='ltr'><strong>Octobrem</strong></span> <span class='ocrx_word' id='word_1_87' title='bbox 808 1898 906 1973; x_wconf 86' lang='lat' dir='ltr'><strong>gesta</strong></span> <span class='ocrx_word' id='word_1_88' title='bbox 940 1897 1029 1971; x_wconf 85' lang='lat' dir='ltr'><strong>sunt,</strong></span> 
     </span>
     <span class='ocr_line' id='line_1_14' title="bbox 48 1991 926 2079; baseline -0.003 -20"><span class='ocrx_word' id='word_1_89' title='bbox 48 2015 112 2079; x_wconf 92' lang='lat' dir='ltr'><strong>quo</strong></span> <span class='ocrx_word' id='word_1_90' title='bbox 138 2013 259 2057; x_wconf 88' lang='lat' dir='ltr'><strong>caesus</strong></span> <span class='ocrx_word' id='word_1_91' title='bbox 283 2001 335 2057; x_wconf 92' lang='lat' dir='ltr'><strong>est</strong></span> <span class='ocrx_word' id='word_1_92' title='bbox 359 1991 500 2058; x_wconf 83' lang='lat' dir='ltr'><strong>Seianus</strong></span> <span class='ocrx_word' id='word_1_93' title='bbox 526 1991 661 2058; x_wconf 88' lang='lat' dir='ltr'><strong>detecta</strong></span> <span class='ocrx_word' id='word_1_94' title='bbox 685 1994 926 2058; x_wconf 88' lang='lat' dir='ltr'><strong>coniuratione.</strong></span> 
     </span>
    </p>
   </div>
   <div class='ocr_carea' id='block_1_4' title="bbox 50 2301 1031 3737">
    <p class='ocr_par' dir='ltr' id='par_1_6' title="bbox 50 2301 1031 2593">
     <span class='ocr_line' id='line_1_15' title="bbox 154 2301 1031 2390; baseline 0.002 -22"><span class='ocrx_word' id='word_1_95' title='bbox 154 2301 233 2368; x_wconf 92' lang='lat' dir='ltr'><strong>Lib.</strong></span> <span class='ocrx_word' id='word_1_96' title='bbox 255 2303 314 2368; x_wconf 85' lang='lat' dir='ltr'><strong>VI.</strong></span> <span class='ocrx_word' id='word_1_97' title='bbox 338 2326 402 2390; x_wconf 91' lang='lat' dir='ltr'><strong>quo</strong></span> <span class='ocrx_word' id='word_1_98' title='bbox 419 2305 636 2370; x_wconf 88' lang='lat' dir='ltr'><strong>continentur</strong></span> <span class='ocrx_word' id='word_1_99' title='bbox 659 2326 713 2369; x_wconf 87' lang='lat' dir='ltr'><strong>res</strong></span> <span class='ocrx_word' id='word_1_100' title='bbox 736 2316 855 2390; x_wconf 86' lang='lat' dir='ltr'><strong>gestae</strong></span> <span class='ocrx_word' id='word_1_101' title='bbox 878 2327 939 2370; x_wconf 82' lang='lat' dir='ltr'><strong>sex</strong></span> <span class='ocrx_word' id='word_1_102' title='bbox 961 2305 1031 2370; x_wconf 86' lang='lat' dir='ltr'><strong>fere</strong></span> 
     </span>
     <span class='ocr_line' id='line_1_16' title="bbox 50 2407 1030 2494; baseline 0.002 -22"><span class='ocrx_word' id='word_1_103' title='bbox 50 2429 216 2472; x_wconf 89' lang='lat' dir='ltr'><strong>annorum</strong></span> <span class='ocrx_word' id='word_1_104' title='bbox 238 2407 379 2488; x_wconf 80' lang='lat' dir='ltr'>(XXXI.</span> <span class='ocrx_word' id='word_1_105' title='bbox 400 2429 505 2494; x_wconf 92' lang='lat' dir='ltr'><strong>usque</strong></span> <span class='ocrx_word' id='word_1_106' title='bbox 529 2407 574 2473; x_wconf 90' lang='lat' dir='ltr'><strong>ad</strong></span> <span class='ocrx_word' id='word_1_107' title='bbox 597 2431 744 2474; x_wconf 91' lang='lat' dir='ltr'><strong>mensem</strong></span> <span class='ocrx_word' id='word_1_108' title='bbox 766 2408 925 2475; x_wconf 89' lang='lat' dir='ltr'><strong>Martium</strong></span> <span class='ocrx_word' id='word_1_109' title='bbox 949 2411 1030 2474; x_wconf 90' lang='lat' dir='ltr'><strong>anni</strong></span> 
     </span>
     <span class='ocr_line' id='line_1_17' title="bbox 50 2512 255 2593; baseline -0.005 -14"><span class='ocrx_word' id='word_1_110' title='bbox 50 2512 255 2593; x_wconf 75' lang='lat' dir='ltr'>XXXVII).</span> 
     </span>
    </p>

    <p class='ocr_par' dir='ltr' id='par_1_7' title="bbox 51 2614 1031 3409">
     <span class='ocr_line' id='line_1_18' title="bbox 154 2614 1031 2700; baseline -0.002 -18"><span class='ocrx_word' id='word_1_111' title='bbox 154 2614 240 2700; x_wconf 85' lang='lat' dir='ltr'><strong>V‚6</strong></span> <span class='ocrx_word' id='word_1_112' title='bbox 270 2626 304 2682; x_wconf 91' lang='lat' dir='ltr'><strong>et</strong></span> <span class='ocrx_word' id='word_1_113' title='bbox 337 2615 366 2683; x_wconf 80' lang='lat'><strong>7.</strong></span> <span class='ocrx_word' id='word_1_114' title='bbox 401 2617 560 2685; x_wconf 87' lang='lat' dir='ltr'><strong>Saevitur</strong></span> <span class='ocrx_word' id='word_1_115' title='bbox 593 2620 627 2683; x_wconf 92' lang='lat' dir='ltr'><strong>in</strong></span> <span class='ocrx_word' id='word_1_116' title='bbox 661 2619 786 2682; x_wconf 91' lang='lat' dir='ltr'><strong>amicos</strong></span> <span class='ocrx_word' id='word_1_117' title='bbox 823 2615 952 2700; x_wconf 87' lang='lat' dir='ltr'><strong>Seiani,</strong></span> <span class='ocrx_word' id='word_1_118' title='bbox 987 2639 1031 2681; x_wconf 85' lang='lat' dir='ltr'><strong>ex</strong></span> 
     </span>
     <span class='ocr_line' id='line_1_19' title="bbox 53 2719 1030 2808; baseline -0.002 -20"><span class='ocrx_word' id='word_1_119' title='bbox 53 2721 174 2808; x_wconf 92' lang='lat' dir='ltr'><strong>quibus</strong></span> <span class='ocrx_word' id='word_1_120' title='bbox 196 2743 282 2786; x_wconf 91' lang='lat' dir='ltr'><strong>unus</strong></span> <span class='ocrx_word' id='word_1_121' title='bbox 313 2722 348 2786; x_wconf 93' lang='lat' dir='ltr'><strong>in</strong></span> <span class='ocrx_word' id='word_1_122' title='bbox 372 2731 471 2787; x_wconf 88' lang='lat' dir='ltr'><strong>coetu</strong></span> <span class='ocrx_word' id='word_1_123' title='bbox 500 2723 684 2787; x_wconf 89' lang='lat' dir='ltr'><strong>amicorum</strong></span> <span class='ocrx_word' id='word_1_124' title='bbox 711 2719 826 2804; x_wconf 82' lang='lat' dir='ltr'><strong>gladio</strong></span> <span class='ocrx_word' id='word_1_125' title='bbox 856 2719 1030 2786; x_wconf 89' lang='lat' dir='ltr'><strong>incumbit.</strong></span> 
     </span>
     <span class='ocr_line' id='line_1_20' title="bbox 51 2821 1030 2912; baseline -0.002 -22"><span class='ocrx_word' id='word_1_126' title='bbox 51 2863 91 2871; x_wconf 92' lang='lat'>—</span> <span class='ocrx_word' id='word_1_127' title='bbox 116 2824 145 2890; x_wconf 89' lang='lat'><strong>8.</strong></span> <span class='ocrx_word' id='word_1_128' title='bbox 171 2822 315 2889; x_wconf 89' lang='lat' dir='ltr'><strong>relatum</strong></span> <span class='ocrx_word' id='word_1_129' title='bbox 331 2823 373 2890; x_wconf 94' lang='lat' dir='ltr'><strong>de</strong></span> <span class='ocrx_word' id='word_1_130' title='bbox 395 2825 431 2890; x_wconf 92' lang='lat' dir='ltr'><strong>P.</strong></span> <span class='ocrx_word' id='word_1_131' title='bbox 446 2823 586 2890; x_wconf 91' lang='lat' dir='ltr'><strong>Vitellio</strong></span> <span class='ocrx_word' id='word_1_132' title='bbox 610 2833 644 2889; x_wconf 90' lang='lat' dir='ltr'><strong>et</strong></span> <span class='ocrx_word' id='word_1_133' title='bbox 659 2824 840 2912; x_wconf 89' lang='lat' dir='ltr'><strong>Pomponio</strong></span> <span class='ocrx_word' id='word_1_134' title='bbox 858 2821 1030 2906; x_wconf 75' lang='lat' dir='ltr'><strong>Secund03</strong></span> 
     </span>
     <span class='ocr_line' id='line_1_21' title="bbox 52 2925 1031 3014; baseline -0.001 -22"><span class='ocrx_word' id='word_1_135' title='bbox 52 2929 105 2994; x_wconf 90' lang='lat' dir='ltr'><strong>hic</strong></span> <span class='ocrx_word' id='word_1_136' title='bbox 135 2926 272 2992; x_wconf 83' lang='lat' dir='ltr'><strong>Tiberio</strong></span> <span class='ocrx_word' id='word_1_137' title='bbox 303 2937 480 3014; x_wconf 89' lang='lat' dir='ltr'><strong>superstes.</strong></span> <span class='ocrx_word' id='word_1_138' title='bbox 509 2963 552 2972; x_wconf 88' lang='lat'>—</span> <span class='ocrx_word' id='word_1_139' title='bbox 580 2925 610 2991; x_wconf 85' lang='lat'><strong>9.</strong></span> <span class='ocrx_word' id='word_1_140' title='bbox 640 2925 823 2993; x_wconf 89' lang='lat' dir='ltr'><strong>crudeliter</strong></span> <span class='ocrx_word' id='word_1_141' title='bbox 852 2928 886 2991; x_wconf 91' lang='lat' dir='ltr'><strong>in</strong></span> <span class='ocrx_word' id='word_1_142' title='bbox 916 2926 1031 2993; x_wconf 86' lang='lat' dir='ltr'><strong>Seiani</strong></span> 
     </span>
     <span class='ocr_line' id='line_1_22' title="bbox 53 3027 1029 3114; baseline -0.003 -17"><span class='ocrx_word' id='word_1_143' title='bbox 53 3032 179 3097; x_wconf 90' lang='lat' dir='ltr'><strong>liberos</strong></span> <span class='ocrx_word' id='word_1_144' title='bbox 202 3030 495 3097; x_wconf 87' lang='lat' dir='ltr'><strong>animadvertitur.</strong></span> <span class='ocrx_word' id='word_1_145' title='bbox 526 3065 568 3076; x_wconf 88' lang='lat'><em>-</em></span> <span class='ocrx_word' id='word_1_146' title='bbox 592 3027 642 3094; x_wconf 91' lang='grc'><strong>10.</strong></span> <span class='ocrx_word' id='word_1_147' title='bbox 671 3053 782 3097; x_wconf 89' lang='lat' dir='ltr'><strong>rumor</strong></span> <span class='ocrx_word' id='word_1_148' title='bbox 811 3053 892 3097; x_wconf 91' lang='lat' dir='ltr'><strong>acer</strong></span> <span class='ocrx_word' id='word_1_149' title='bbox 919 3032 1029 3114; x_wconf 84' lang='lat' dir='ltr'><strong>magis</strong></span> 
     </span>
     <span class='ocr_line' id='line_1_23' title="bbox 55 3130 1031 3222; baseline -0.002 -23"><span class='ocrx_word' id='word_1_150' title='bbox 55 3156 154 3222; x_wconf 90' lang='lat' dir='ltr'><strong>quam</strong></span> <span class='ocrx_word' id='word_1_151' title='bbox 172 3130 348 3199; x_wconf 88' lang='lat' dir='ltr'><strong>diuturnus</strong></span> <span class='ocrx_word' id='word_1_152' title='bbox 373 3133 414 3198; x_wconf 90' lang='lat' dir='ltr'><strong>de</strong></span> <span class='ocrx_word' id='word_1_153' title='bbox 437 3135 558 3199; x_wconf 90' lang='lat' dir='ltr'><strong>iuvene</strong></span> <span class='ocrx_word' id='word_1_154' title='bbox 573 3133 728 3221; x_wconf 87' lang='lat' dir='ltr'><strong>quodam,</strong></span> <span class='ocrx_word' id='word_1_155' title='bbox 752 3136 808 3220; x_wconf 89' lang='lat' dir='ltr'><strong>qui</strong></span> <span class='ocrx_word' id='word_1_156' title='bbox 832 3156 867 3200; x_wconf 92' lang='lat' dir='ltr'><strong>se</strong></span> <span class='ocrx_word' id='word_1_157' title='bbox 884 3133 1031 3198; x_wconf 89' lang='lat' dir='ltr'><strong>Drusum</strong></span> 
     </span>
     <span class='ocr_line' id='line_1_24' title="bbox 57 3236 1031 3305; baseline -0.002 -3"><span class='ocrx_word' id='word_1_158' title='bbox 57 3238 250 3305; x_wconf 78' lang='lat' dir='ltr'><strong>Germanici</strong></span> <span class='ocrx_word' id='word_1_159' title='bbox 283 3236 388 3304; x_wconf 94' lang='lat' dir='ltr'><strong>filium</strong></span> <span class='ocrx_word' id='word_1_160' title='bbox 421 3236 563 3303; x_wconf 81' lang='lat' dir='ltr'><strong>ferebat.</strong></span> <span class='ocrx_word' id='word_1_161' title='bbox 599 3274 641 3284; x_wconf 87' lang='lat'>—</span> <span class='ocrx_word' id='word_1_162' title='bbox 677 3237 727 3302; x_wconf 92' lang='grc'><strong>11.</strong></span> <span class='ocrx_word' id='word_1_163' title='bbox 757 3237 930 3304; x_wconf 88' lang='lat' dir='ltr'><strong>discordia</strong></span> <span class='ocrx_word' id='word_1_164' title='bbox 954 3258 1031 3303; x_wconf 90' lang='lat' dir='ltr'><strong>con·</strong></span> 
     </span>
     <span class='ocr_line' id='line_1_25' title="bbox 58 3342 172 3409; baseline -0.018 -1"><span class='ocrx_word' id='word_1_165' title='bbox 58 3342 172 3409; x_wconf 91' lang='lat' dir='ltr'><strong>sulum.</strong></span> 
     </span>
    </p>

    <p class='ocr_par' dir='ltr' id='par_1_8' title="bbox 59 3442 1030 3737">
     <span class='ocr_line' id='line_1_26' title="bbox 155 3442 1030 3528; baseline 0 -19"><span class='ocrx_word' id='word_1_166' title='bbox 155 3444 214 3528; x_wconf 89' lang='lat' dir='ltr'><strong>VI,</strong></span> <span class='ocrx_word' id='word_1_167' title='bbox 234 3444 261 3508; x_wconf 91' lang='lat' dir='ltr'><strong>l.</strong></span> <span class='ocrx_word' id='word_1_168' title='bbox 284 3444 412 3511; x_wconf 85' lang='lat' dir='ltr'><strong>Tiberii</strong></span> <span class='ocrx_word' id='word_1_169' title='bbox 426 3444 546 3512; x_wconf 83' lang='lat' dir='ltr'><strong>foedae</strong></span> <span class='ocrx_word' id='word_1_170' title='bbox 560 3443 730 3510; x_wconf 89' lang='lat' dir='ltr'><strong>libidines.</strong></span> <span class='ocrx_word' id='word_1_171' title='bbox 754 3481 795 3492; x_wconf 93' lang='lat'>-</span> <span class='ocrx_word' id='word_1_172' title='bbox 818 3443 847 3510; x_wconf 82' lang='lat'><strong>2.</strong></span> <span class='ocrx_word' id='word_1_173' title='bbox 865 3446 899 3509; x_wconf 91' lang='lat' dir='ltr'><strong>in</strong></span> <span class='ocrx_word' id='word_1_174' title='bbox 916 3442 1030 3509; x_wconf 84' lang='lat' dir='ltr'><strong>Seiani</strong></span> 
     </span>
     <span class='ocr_line' id='line_1_27' title="bbox 60 3546 1030 3631; baseline 0.001 -19"><span class='ocrx_word' id='word_1_175' title='bbox 60 3559 89 3613; x_wconf 87' lang='lat' dir='ltr'><strong>et</strong></span> <span class='ocrx_word' id='word_1_176' title='bbox 104 3549 225 3613; x_wconf 88' lang='lat' dir='ltr'><strong>Liviae</strong></span> <span class='ocrx_word' id='word_1_177' title='bbox 240 3551 435 3615; x_wconf 89' lang='lat' dir='ltr'><strong>memoriam</strong></span> <span class='ocrx_word' id='word_1_178' title='bbox 458 3550 617 3615; x_wconf 88' lang='lat' dir='ltr'><strong>saevitur.</strong></span> <span class='ocrx_word' id='word_1_179' title='bbox 640 3548 785 3631; x_wconf 86' lang='lat' dir='ltr'><strong>Togonii</strong></span> <span class='ocrx_word' id='word_1_180' title='bbox 801 3546 1030 3613; x_wconf 88' lang='lat' dir='ltr'><strong>adulationem</strong></span> 
     </span>
     <span class='ocr_line' id='line_1_28' title="bbox 59 3649 1030 3737; baseline 0 -21"><span class='ocrx_word' id='word_1_181' title='bbox 59 3653 208 3737; x_wconf 88' lang='lat' dir='ltr'><strong>princeps</strong></span> <span class='ocrx_word' id='word_1_182' title='bbox 232 3653 330 3717; x_wconf 90' lang='lat' dir='ltr'><strong>reicit</strong></span> <span class='ocrx_word' id='word_1_183' title='bbox 354 3652 466 3718; x_wconf 89' lang='lat' dir='ltr'><strong>verbis</strong></span> <span class='ocrx_word' id='word_1_184' title='bbox 495 3652 684 3718; x_wconf 86' lang='lat' dir='ltr'><strong>moderans.</strong></span> <span class='ocrx_word' id='word_1_185' title='bbox 714 3688 756 3697; x_wconf 90' lang='lat'>-</span> <span class='ocrx_word' id='word_1_186' title='bbox 784 3651 814 3716; x_wconf 85' lang='lat'><strong>3.</strong></span> <span class='ocrx_word' id='word_1_187' title='bbox 840 3649 1030 3716; x_wconf 82' lang='lat' dir='ltr'><strong>Gallionem</strong></span> 
     </span>
    </p>
   </div>
   <div class='ocr_carea' id='block_1_5' title="bbox 0 0 1291 4084">
    <p class='ocr_par' dir='ltr' id='par_1_9' title="bbox 0 0 1291 4084">
     <span class='ocr_line' id='line_1_29' title="bbox 0 0 1291 4084; baseline 0 0"><span class='ocrx_word' id='word_1_188' title='bbox 0 0 1291 4084; x_wconf 95' lang='lat' dir='ltr'><strong> </strong></span> 
     </span>
    </p>
   </div>
  </div>
 </body>
</html>
