2530 4084
261 308 309 359 AB
326 307 490 360 EXGESSU
507 306 666 362 AUGUSTI
683 309 718 361 11.
738 309 848 360 80-88.
988 306 1048 373 107

67 500 165 585 vulgi
191 522 359 566 sermones
376 499 494 566 audita
509 522 599 567 mors
622 500 708 567 adeo
732 498 893 583 incendit,
917 508 954 564 ut
971 508 1050 566 ante

68 605 223 671 edictum
256 606 530 688 magistratuum,
572 613 652 670 ante
688 613 825 670 senatus
860 601 1050 670 consultum

68 718 205 794 sumpto
240 709 368 772 iustitio
405 706 640 774 desererentur
679 708 770 791 fora,
811 706 1051 776 clauderentur

69 812 202 877 domus.
248 812 374 897 passim
403 811 540 876 silentia
571 820 603 876 et
627 814 788 896 gemitus,
811 809 896 876 nihil
919 832 1051 899 compo·

68 919 175 983 situm
204 918 239 980 in
268 917 544 999 ostentationem3
574 925 607 980 et
636 936 836 1002 quamquam
864 936 973 1001 neque
1001 916 1051 980 in·
1078 941 1103 982 15

67 1019 228 1104 signibus
251 1017 438 1103 lugentium
455 1017 674 1102 abstinerent,
699 1017 801 1083 altius
817 1019 939 1083 animis
961 1040 1050 1086 mae-

66 1123 204 1189 rebant.
221 1122 306 1187 forte
321 1123 560 1206 negotiatores,
576 1123 711 1186 vivente
724 1120 834 1187 adhuc
847 1118 1050 1188 Germanico

67 1228 172 1294 Suria
197 1227 334 1310 egressi,
357 1225 501 1293 laetiora
525 1225 567 1291 de
582 1225 778 1292 valetudine
801 1226 872 1290 eius
895 1224 1050 1291 attulere.

66 1333 191 1396 statim
219 1329 364 1411 credita,
396 1330 515 1394 statim
542 1328 686 1412 vulgata
717 1338 811 1394 sunt:
844 1337 881 1393 ut
909 1329 1050 1416 quisque
1158 1379 1159 1384 η

68 1434 204 1516 obvius,
228 1433 382 1518 quamvis
405 1432 527 1498 leviter
556 1432 673 1498 audita
697 1435 731 1498 in
761 1431 846 1497 alios
875 1441 977 1519 atque
1000 1432 1051 1498 illi
1077 1459 1103 1498 ao

67 1539 106 1602 in
129 1536 243 1624 plures
260 1535 431 1604 cumulata
453 1537 579 1620 gaudio
596 1537 812 1603 transferunt.
837 1546 975 1602 cursant
990 1558 1051 1623 per

67 1641 202 1724 urbem,
225 1640 409 1705 moliuntur
430 1642 632 1728 templorum
654 1641 760 1724 fores,
789 1641 883 1706 iuvat
906 1641 1050 1707 creduli·

66 1756 179 1812 tatem
200 1767 270 1811 nox
293 1753 325 1810 et
347 1747 532 1832 promptior
554 1748 642 1811 inter
666 1744 824 1812 tenebras
848 1743 1050 1810 adfirmatio.

67 1873 133 1915 nec
151 1848 284 1915 obstitit
307 1847 402 1914 falsis
417 1849 584 1934 Tiberius,
609 1849 714 1915 donec
738 1858 887 1936 tempore
910 1870 951 1914 ao
975 1871 1050 1936 spa-

68 1955 118 2018 tio
141 1961 384 2019 vanescerent:
409 1962 441 2018 et
463 1953 605 2040 populus
629 1957 725 2041 quasi
747 1977 879 2021 rursum
901 1960 1051 2039 ereptum
1077 1976 1103 2016 aa

68 2059 186 2123 acrius
212 2056 329 2122 doluit.

177 2157 228 2222 83.
252 2158 422 2241 Honores,
451 2167 488 2224 ut
517 2161 590 2246 quis
614 2182 726 2225 amore
756 2162 790 2225 in
814 2158 1051 2228 Germanicum

69 2273 132 2328 aut
156 2264 292 2346 ingenio
315 2263 459 2346 validus,
483 2264 608 2349 reperti
633 2264 841 2351 decretique:
868 2275 905 2331 ut
926 2287 1049 2330 nomen

69 2369 144 2432 eius
173 2364 296 2431 Saliari
320 2368 467 2432 carmine
491 2376 683 2452 caneretur3
712 2367 808 2434 sedes
835 2368 967 2434 curules
997 2390 1049 2433 sa-

70 2469 248 2535 cerdotum
263 2469 501 2554 Augustalium
523 2469 606 2537 locis
624 2493 788 2559 superque
811 2495 869 2538 eas
885 2493 1050 2559 querceae

69 2595 218 2639 coronae
242 2581 486 2658 statuerentur3
508 2573 605 2640 ludos
636 2578 804 2642 circenses
828 2574 955 2642 eburna
979 2576 1048 2642 effi-
1076 2599 1089 2638 s

71 2679 146 2762 gies
162 2677 320 2762 praeiret,
342 2699 428 2742 neve
451 2680 525 2765 quis
540 2678 661 2744 flamen
684 2689 742 2744 aut
760 2699 866 2763 augur
890 2678 1050 2745 inlocum

72 2779 269 2845 Germanici
291 2781 359 2844 nisi
382 2783 493 2864 gentis
515 2780 622 2846 Iuliae
649 2791 830 2847 crearetur.
869 2805 967 2849 arcus
991 2784 1049 2849 ad-

73 2884 138 2950 diti
153 2884 278 2948 Romae
295 2892 328 2949 et
344 2883 435 2970 apud
456 2886 565 2971 ripam
579 2883 688 2951 Rheni
704 2895 737 2950 et
753 2887 787 2950 in
803 2896 915 2951 monte
931 2885 1050 2953 Suriae

72 2987 220 3069 Amano,
243 3007 318 3053 cum
340 2989 558 3074 inscriptione
579 2999 882 3073 rerumgestarum
903 3012 944 3056 ac
965 3011 1050 3057 mor·

72 3103 140 3158 tem
156 3089 198 3156 ob
214 3089 469 3178 rempublicam
485 3091 606 3157 obisse.
632 3092 820 3178 sepulcrum
837 3091 1048 3177 Antiochiae,
1077 3117 1102 3157 ιο

72 3194 131 3260 nbi
159 3203 343 3278 crematus,
373 3194 521 3260 tribunal
543 3194 785 3282 Epidaphnae,
819 3219 882 3283 quo
912 3198 947 3262 in
975 3197 1049 3264 loco

72 3301 180 3365 vitam
201 3299 345 3364 finierat.
376 3309 564 3364 statuarum
586 3299 792 3383 locorumve,
824 3302 858 3367 in
887 3302 961 3388 quis
995 3322 1050 3366 oo-

73 3402 213 3484 leretur,
246 3402 338 3468 haud
365 3402 466 3469 facilc
503 3405 576 3491 quis
605 3426 779 3471 numerum
806 3406 930 3471 inierit.
975 3426 1050 3470 oum

74 3515 267 3572 censeretur
295 3505 422 3592 clipeus
458 3529 541 3573 auro
572 3516 606 3572 et
636 3508 872 3591 magnitudine
906 3509 1050 3591 insignis

74 3612 162 3676 inter
195 3619 351 3676 auctores
382 3608 610 3696 eloquentiae,
647 3610 864 3677 adseveravit
893 3608 1050 3676 Tiberius
1077 3633 1102 3674 rs
