2552 4084
291 277 337 328 AB
356 275 520 328 EXCESSU
538 274 697 328 AUGUSTI
714 276 736 326 I.
756 275 867 338 70-73,
1018 275 1059 340 51

81 486 274 550 exereitum
297 492 354 547 aut
376 481 508 568 plebem
532 481 770 563 seditionibus,
802 480 945 568 denique
972 483 1062 549 male

79 598 179 675 gesta
216 610 254 654 re
279 586 415 674 publica
448 587 660 652 maiestatem
689 584 802 673 populi
830 585 973 652 Romani
1000 588 1061 651 mi·

78 694 227 758 nuisset:
260 691 355 756 faeta
388 688 628 773 arguebantur,
664 689 757 755 dicta
791 689 914 776 inpune
953 700 1060 756 erant.

78 799 207 884 primus
237 791 410 878 Augustus
440 794 668 877 cognitionem
699 793 740 858 de
769 793 906 859 famosis
936 793 1061 858 libellis

80 901 193 986 specie
216 898 302 982 legis
326 898 395 962 eius
419 898 592 980 tractavit,
617 906 800 962 commotus
817 895 927 964 Cassii
945 894 1062 962 Severi
1089 919 1113 958 11

80 1003 236 1085 libidine,
260 1024 325 1088 qua
340 1002 430 1066 viros
453 1000 661 1086 feminasque
685 1000 844 1066 inlustres
859 1000 1062 1089 procacibus

80 1108 218 1194 seriptis
256 1105 506 1188 diffamaverat3
541 1125 619 1169 mox
648 1103 819 1188 Tiberius,
847 1104 1062 1170 consultante

79 1209 240 1296 Pompeio
256 1207 372 1273 Macro
388 1216 555 1293 praetore,
579 1229 623 1272 an
638 1206 766 1273 iudicia
781 1209 970 1273 maiestatis
985 1208 1061 1273 red-

81 1313 254 1395 derentur,
278 1310 488 1377 exercendas
518 1309 611 1394 leges
641 1332 715 1375 esse
743 1310 927 1397 respondit.
972 1311 1063 1376 hune

80 1437 215 1504 quoque
238 1437 438 1502 asperavere
455 1415 607 1480 earmina
622 1415 761 1479 incertis
778 1413 974 1480 auctoribus
990 1415 1060 1480 vul-
1089 1439 1114 1477 so

78 1529 163 1605 gata
187 1519 224 1584 in
248 1520 425 1584 saevitiam
441 1517 697 1604 superbiamque
721 1519 792 1582 eius
816 1527 849 1582 et
873 1517 1062 1612 discordem

78 1646 158 1689 cum
182 1631 292 1688 matre
315 1623 474 1688 animum.

187 1725 239 1790 73.
256 1725 359 1792 Haud
373 1725 503 1812 pigebit
520 1725 646 1792 referre
662 1726 698 1791 in
713 1724 859 1792 Falanio
876 1736 909 1792 et
923 1725 1061 1812 Rubrio,

78 1832 225 1898 modicis
249 1828 416 1916 equitibus
438 1830 610 1915 Romanis,
632 1839 881 1919 praetemptata
910 1831 1063 1916 crimina,
1133 1869 1134 1874 1

78 1946 115 2003 ut
139 1935 264 2024 quibus
287 1935 404 2018 initiis,
427 1945 554 2022 quanta
576 1935 705 2001 Tiberii
728 1945 801 2001 arte
825 1937 1063 2020 gravissimum

80 2041 226 2105 exitium
248 2039 441 2124 inrepserit,
475 2039 554 2104 dein
584 2060 771 2124 repressum
805 2040 866 2123 sit,
893 2049 1062 2126 postremo

82 2143 209 2209 arserit
239 2151 427 2228 cunctaque
457 2143 673 2228 corripuerit,
702 2151 873 2208 noscatur.
917 2141 1062 2208 Falanio
1089 2163 1103 2204 s

81 2245 254 2312 obiciebat
277 2255 474 2330 aecusator,
504 2246 593 2333 quod
620 2248 709 2311 inter
738 2246 883 2312 cultores
906 2243 1063 2330 Augusti,

82 2351 141 2436 qui
163 2371 225 2436 per
248 2370 361 2414 omnes
379 2349 493 2415 domos
517 2351 552 2414 in
575 2349 710 2415 modum
726 2350 945 2435 collegiorum
960 2350 1063 2416 habe·

82 2453 222 2536 bantur,
247 2451 402 2519 Cassium
417 2453 584 2541 quendam
600 2456 735 2519 mimum
751 2475 891 2541 corpore
906 2454 1065 2520 infamem

84 2557 300 2639 adscivisset,
324 2557 479 2644 quodque
509 2557 657 2622 venditis
686 2558 793 2624 hortis
825 2567 972 2624 statuam
995 2557 1062 2624 Au-

83 2663 176 2745 gusti
199 2661 297 2726 simul
319 2663 556 2747 mancipasset.
601 2661 726 2728 Rubrio
757 2662 888 2727 crimini
918 2661 1064 2728 dabatur
1091 2681 1118 2722 10

85 2763 252 2830 violatum
285 2766 430 2850 periurio
459 2787 583 2830 numen
605 2764 762 2850 Augusti.
808 2787 895 2853 quae
927 2764 985 2832 ubi
1008 2765 1063 2830 Ti·

83 2868 180 2934 berio
202 2877 354 2951 notuere,
377 2869 512 2954 scripsit
535 2869 729 2934 oonsulibus
751 2892 820 2935 non
850 2870 925 2935 ideo
950 2869 1063 2935 decre-

83 2981 157 3036 tum
178 2972 267 3057 patri
290 2993 349 3036 suo
372 2971 518 3056 caelum,
547 2973 642 3038 utin
671 2975 854 3059 perniciem
883 2974 1008 3039 civium
1035 2975 1064 3037 is

84 3074 193 3140 honor
214 3083 411 3140 verteretur.
435 3073 589 3140 Cassium
611 3075 809 3141 histrionem
826 3074 961 3142 solitum
977 3079 1064 3142 inter

85 3179 171 3244 11101
188 3177 338 3244 eiusdem
361 3181 445 3244 artis
462 3180 625 3244 interesse
647 3179 748 3262 ludis,
771 3201 852 3267 quos
871 3191 980 3246 mater
1003 3203 1064 3246 sua
1092 3211 1117 3254 15

85 3284 120 3346 in
143 3283 338 3348 memoriam
360 3282 507 3367 Augusti
530 3293 716 3367 sacrasset3
746 3305 809 3350 nee
838 3293 958 3350 contra
987 3282 1064 3349 reli-

87 3387 204 3470 giones
226 3385 317 3470 fieri,
346 3386 436 3473 quod
464 3387 593 3472 effigies
618 3390 704 3472 eius,
733 3397 775 3480 ut
801 3388 870 3455 alia
892 3387 1064 3453 numinum

87 3490 280 3575 simulacra,
302 3491 555 3560 venditionibus
577 3491 750 3561 hortorum
773 3501 807 3558 et
831 3491 987 3558 domuum
1010 3509 1064 3557 ac·

960 3625 995 3682 μ
