2500 4084
212 309 275 374 240
539 308 714 359 oosnnnn
733 307 854 357 rncrrr

313 498 364 564 34.
388 500 529 566 Interim
552 495 689 564 Oroden
712 498 879 563 sociorum
908 500 1042 584 inopem
1070 509 1191 566 anctus
1239 475 1240 543 l

211 604 339 672 auxilio
362 603 608 671 Pharasmanes
624 623 749 668 vocare
772 601 817 668 ad
831 623 987 690 pugnam
1009 612 1044 668 et
1060 603 1193 670 detrec·
1239 634 1240 694 j

211 718 340 775 tantem
382 710 566 791 incessere,
608 707 807 795 adequitare
840 709 981 790 castris,
1019 707 1194 773 infensare
1239 769 1240 774 ,

210 813 352 900 pabula,
377 834 417 877 ac
452 834 552 899 saepe
587 813 622 876 in
654 812 789 878 modurn
823 811 947 878 obsidii
983 810 1195 877 stationibus

172 934 182 970 ὁ
212 915 390 1000 cingebat,
421 915 526 981 donec
550 912 668 980 Parthi
695 913 976 980 contumeliarum
1004 914 1194 980 insolentes
1239 899 1240 904 ἵ

210 1021 499 1086 circumsisterent
522 1038 648 1102 regem,
671 1027 850 1104 poscerent
873 1017 1049 1104 proelium.
1088 1027 1194 1104 atque

212 1123 279 1188 illis
315 1121 388 1187 sola
423 1123 456 1186 in
491 1121 603 1208 equite
626 1122 695 1186 vis:
724 1120 972 1187 Pharasmanes
1006 1130 1042 1187 et
1077 1122 1195 1208 pedite

210 1225 358 1290 valebat.
396 1247 474 1290 narn
508 1224 629 1290 Hiberi
664 1222 857 1311 Albanique
891 1224 1062 1290 saltuosos
1098 1224 1195 1290 locos

210 1327 396 1395 incolentes
422 1327 566 1392 duritiae
588 1328 840 1414 patientiaeque
862 1328 971 1410 magis
994 1327 1195 1410 insuevere;

161 1449 184 1487 ¹⁰
210 1435 387 1519 feruntque
410 1453 446 1496 se
468 1429 644 1496 Thessalis
668 1440 771 1514 ortos,
795 1452 861 1516 qua
884 1439 1090 1516 tempestate
1114 1431 1194 1496 Iaso

210 1546 286 1624 post
316 1543 473 1601 avectam
500 1533 656 1599 Medeam
685 1535 885 1621 genitosque
918 1557 963 1600 ex
993 1557 1034 1600 ea
1064 1534 1194 1600 liberos

210 1643 345 1707 inanem
381 1660 460 1704 mox
500 1639 631 1721 regiam
660 1635 789 1702 Aeetae
816 1657 1009 1722 vacuosque
1045 1636 1192 1704 Colchos

210 1745 378 1831 repetivit.
412 1741 584 1826 multaque
619 1740 660 1804 de
695 1740 829 1805 nomine
863 1741 934 1805 eius
969 1749 1003 1805 et
1039 1741 1192 1807 oraclum

210 1848 327 1914 Phrixi
356 1845 548 1929 celebrant3
581 1867 644 1911 nec
676 1847 852 1931 quisquam
881 1846 988 1909 ariete
1017 1847 1191 1912 sacrifica-

159 1961 184 2002 15
209 1951 308 2033 verit,
332 1949 461 2015 credito
484 1949 621 2014 vexisse
636 1948 808 2031 Phrixum,
833 1949 904 2014 sive
927 1947 963 2012 id
987 1948 1116 2013 animal
1135 1971 1191 2014 seu
1239 1963 1240 1968 ’

210 2057 308 2120 navis
331 2056 465 2137 insigne
487 2053 561 2118 fuit.
591 2062 740 2118 ceterum
765 2052 903 2118 derecta
926 2052 1095 2138 utrimque
1119 2053 1191 2116 acie

209 2156 355 2224 Parthus
389 2158 563 2243 imperium
594 2155 760 2238 Orientis,
791 2155 1031 2222 claritudinem
1053 2155 1191 2221 Arsaci·

211 2261 328 2326 darum
345 2269 530 2345 contraque
553 2257 737 2343 ignobilem
754 2257 928 2339 Hiberum,
950 2261 1188 2324 mercennario

209 2362 317 2430 milite
347 2362 553 2446 disserebat3
582 2361 828 2426 Pharasmanes
858 2363 1008 2444 integros
1040 2373 1191 2428 semeta

160 2491 185 2531 20
211 2468 370 2534 Parthico
396 2467 585 2549 dominatu,
609 2474 734 2552 quanto
757 2465 887 2530 maiora
910 2474 1079 2551 peterent,
1117 2467 1191 2553 plus

211 2573 343 2638 decoris
359 2573 505 2636 victores
530 2580 598 2652 aut,
622 2571 652 2633 si
674 2578 771 2653 terga
788 2568 919 2653 darent,
941 2569 1065 2654 flagitii
1089 2581 1192 2657 atque

210 2675 351 2763 periculi
380 2675 526 2757 laturos3
561 2672 660 2738 simul
693 2672 866 2738 horridam
901 2695 1036 2738 suorum
1070 2676 1191 2758 aciem,

210 2783 302 2867 picta
319 2801 399 2846 auro
415 2778 590 2845 Medorum
606 2780 753 2862 agmina,
776 2777 855 2844 hinc
871 2779 973 2861 viros,
996 2776 1077 2842 inde
1094 2800 1191 2865 prae·

212 2885 290 2950 dam
313 2881 501 2949 ostendere.

312 2984 364 3052 35.
392 2986 573 3052 Enimvero
607 2985 697 3072 apud
720 2985 895 3052 Sarmatas
922 3007 990 3050 non
1018 3009 1088 3051 una
1125 3011 1190 3054 vox

211 3092 324 3158 ducis:
349 3113 384 3156 se
400 3091 540 3176 quisque
563 3088 750 3172 stimulant,
773 3111 816 3154 ne
830 3109 979 3174 pugnam
1000 3111 1061 3174 per
1085 3094 1189 3176 sagit-

211 3206 264 3261 tas
289 3197 456 3260 sinerent:
480 3195 606 3279 impetu
628 3202 661 3258 et
685 3195 869 3259 comminus
892 3194 1188 3278 praeveniendum.

209 3300 327 3363 variae
350 3298 428 3362 hinc
450 3296 651 3362 bellantium
674 3299 814 3382 species,
839 3319 915 3363 cum
929 3297 1075 3362 Parthus
1094 3301 1188 3384 sequi

173 3430 186 3467 s
212 3401 266 3467 vel
300 3402 416 3484 fugere
449 3402 524 3486 pari
552 3410 626 3465 arte
660 3408 774 3464 suetus
810 3399 1015 3464 distraheret
1050 3409 1188 3483 turmas,

214 3505 358 3587 spatium
380 3501 504 3568 ictibus
528 3513 718 3588 quaereret,
748 3501 926 3571 Sarmatae
949 3505 1074 3570 omisso
1098 3528 1187 3587 arcu,

214 3625 276 3686 quo
313 3602 449 3668 brevius
483 3604 615 3689 valent,
655 3607 765 3671 contis
806 3605 996 3693 gladiisque
1035 3621 1187 3692 ruerent;
