2500 4084
241 311 286 363 AB
305 309 468 363 EXCESSU
487 307 647 363 AUGUSTI
666 309 714 358 tv.
733 307 845 366 4841.
960 306 1021 370 193

36 505 121 570 sitis
146 511 353 590 peremerat3
378 500 482 590 pollui
506 509 632 568 cuncta
652 499 765 594 sanie,
793 497 915 581 odore,
944 520 1023 563 con·

35 616 151 675 tactu.

150 710 201 776 50.
224 711 403 798 Rebusque
426 708 573 777 turbatis
596 706 722 774 malum
745 717 932 774 extremum
955 706 1022 772 dis-

39 816 165 881 cordia
194 816 355 899 accessit,
379 814 431 879 his
462 812 683 894 deditionem,
711 810 789 880 aliis
819 819 961 876 mortem
990 820 1024 876 et

39 929 178 984 mutuos
202 921 290 984 inter
305 941 341 984 se
363 919 452 984 ictus
467 915 683 1003 parantibus3
707 924 740 981 et
764 924 860 981 erant
884 915 1023 1001 quinon

39 1022 189 1087 inultum
213 1022 363 1104 exitium,
387 1019 447 1086 sed
468 1021 675 1106 eruptionem
699 1018 891 1084 suaderent.
915 1040 1023 1104 neque

42 1124 213 1209 ignobiles
242 1132 374 1190 tantum
402 1123 454 1189 his
486 1123 613 1188 diversi
642 1123 834 1204 sententiis,
865 1143 1022 1187 verume
1049 1143 1061 1182 s

42 1227 190 1293 ducibus
206 1226 315 1310 Dinis,
339 1237 516 1312 provectus
541 1236 679 1291 senecta
703 1234 737 1290 et
759 1224 940 1308 longousu
954 1226 1023 1290 vim

41 1345 148 1418 atque
192 1330 406 1397 clementiam
441 1330 628 1395 Romanam
668 1327 823 1410 edoctus,
865 1329 1022 1414 ponenda

42 1457 151 1516 arma,
174 1455 276 1500 unum
297 1433 445 1499 adflictis
468 1431 504 1497 id
525 1432 710 1499 remedium
733 1431 932 1514 disserebat,
956 1433 1021 1517 pri-

42 1562 185 1626 musque
208 1561 244 1604 se
267 1561 343 1605 cum
358 1539 501 1622 coniuge
526 1545 559 1602 et
574 1537 691 1602 liberis
705 1537 830 1601 victori
853 1535 1021 1620 permisit:

44 1644 155 1708 secuti
186 1653 298 1708 aetate
328 1652 386 1707 aut
414 1664 499 1707 sexu
522 1639 672 1706 inbecilli
705 1651 738 1706 et
766 1638 885 1728 quibus
915 1640 1023 1705 maior
1050 1659 1075 1696 10

43 1750 139 1813 vitae
167 1769 269 1834 quam
298 1747 428 1830 gloriae
457 1744 589 1832 cupido.
636 1754 672 1810 at
700 1747 856 1810 iuventus
880 1743 1023 1809 Tarsam

44 1853 135 1916 inter
164 1861 198 1915 et
220 1849 373 1916 Turesim
403 1848 666 1915 distrahebatur.
712 1849 845 1934 utrique
873 1847 1021 1913 destina-

44 1964 115 2020 tum
139 1975 215 2019 cum
237 1952 395 2019 libertate
424 1951 593 2035 occidere,
629 1953 688 2020 sed
711 1951 820 2018 Tarsa
842 1972 1021 2038 properan-
1076 1999 1078 2004 .

45 2056 123 2123 dum
146 2058 264 2141 finem,
294 2055 541 2143 abrumpendas
574 2058 703 2142 pariter
736 2077 812 2141 spes
840 2077 882 2120 ac
912 2065 1021 2120 metus

44 2161 236 2243 clamitans,
255 2159 348 2226 dedit
364 2158 553 2245 exemplum
570 2159 714 2224 demisso
729 2160 765 2224 in
780 2168 899 2245 pectus
915 2158 1021 2242 ferr03
1049 2171 1075 2213 1⁵

45 2287 106 2331 nec
132 2263 268 2329 defuere
292 2265 347 2350 qui
371 2261 488 2328 eodem
510 2261 608 2328 modo
630 2271 838 2348 oppeterent.
884 2262 1021 2327 Turesis

46 2391 106 2434 sua
129 2389 205 2434 cum
218 2387 322 2432 manu
336 2374 471 2431 noctem
495 2367 674 2452 opperitur,
698 2364 790 2430 haud
805 2367 919 2431 nescio
937 2365 1021 2431 duco

44 2481 177 2553 uostr03
200 2471 303 2554 igitur
318 2470 472 2535 firmatae
488 2470 652 2533 stationes
671 2468 883 2535 densioribus
900 2469 1021 2553 globis.

46 2586 75 2639 et
100 2573 282 2658 ingruebat
311 2597 380 2639 nox
403 2573 516 2638 nimbo
539 2584 649 2654 atrox,
678 2573 851 2660 hostisque
874 2572 1022 2638 clamore

45 2677 191 2760 turbido,
209 2677 306 2743 modo
322 2700 382 2764 per
397 2688 531 2744 vastum
547 2677 727 2759 silentium,
743 2678 890 2743 incertos
900 2676 1018 2743 obses·
1049 2688 1075 2727 ²⁰

47 2804 137 2848 sores
163 2781 327 2863 effecerat,
352 2803 428 2846 cum
444 2780 591 2847 Sabinus
608 2782 793 2862 circumire,
816 2780 955 2856 hortari,
979 2803 1021 2844 na

46 2885 89 2950 ad
112 2883 275 2968 ambigua
299 2886 428 2950 sonitus
451 2893 509 2950 aut
539 2883 786 2950 simulationem
816 2884 936 2970 quietis
966 2906 1021 2948 ca·

47 3012 118 3055 sum
141 2987 383 3054 insidiantibus
408 2991 592 3075 aperirent,
618 2988 677 3055 sed
701 3011 763 3054 sua
785 2990 925 3076 quisque
953 3010 1023 3052 mu·

45 3094 101 3158 nia
125 3103 301 3160 servarent
318 3094 446 3158 immoti
461 3092 605 3178 telisque
627 3114 695 3157 non
717 3093 751 3156 in
767 3091 890 3160 falsum
913 3092 1022 3157 iactis.

146 3194 198 3260 51.
214 3196 351 3261 Interea
366 3195 506 3262 barbari
525 3197 673 3262 catervis
695 3195 911 3260 decurrentes
934 3215 1024 3259 nuno

48 3302 80 3366 in
103 3300 230 3367 vallum
252 3298 426 3366 manualia
451 3321 546 3381 saxa,
569 3307 748 3384 praeustas
773 3296 884 3381 sudes,
909 3298 1024 3363 decisa

47 3404 166 3470 robora
190 3406 310 3487 iacere,
334 3426 423 3469 nunc
438 3402 596 3487 virgultis
621 3413 653 3468 et
676 3401 828 3468 cratibus
852 3413 886 3468 et
908 3423 1024 3488 eorpo-

48 3509 136 3575 ribus
161 3509 327 3574 exanimis
356 3506 523 3594 complere
546 3507 672 3591 fossas,
697 3506 833 3592 quidam
855 3508 967 3592 pontis
992 3515 1026 3572 et

50 3611 157 3678 scalas
188 3620 267 3676 ante
296 3610 456 3678 fabricati
482 3611 604 3676 inferre
631 3609 893 3697 propugnaculis
917 3632 1022 3697 eaque
1052 3633 1064 3672 s

96 3763 222 3806 Tlclwfl.
235 3763 254 3806 L
926 3749 957 3797 13
