2552 4084
287 309 333 363 AB
351 309 515 363 EXOESSU
533 308 692 364 AUGUSTI
708 307 744 364 11.
762 311 877 368 41-43.
1023 309 1066 380 83

83 501 192 568 Suria
205 510 308 589 atque
323 498 460 586 Iudaea,
484 504 596 569 fessae
612 503 779 587 oneribus,
804 503 1064 571 deminutionem
1086 541 1088 544 ·

82 605 209 672 tributi
232 605 387 672 orabant.
984 667 986 670 ,

191 706 244 773 43.
267 709 376 793 Igitur
409 709 493 774 haec
528 720 560 776 et
594 709 637 775 de
659 709 819 776 Armenia
848 733 933 797 quae
961 733 1064 798 supra

82 814 271 878 memoravi
293 811 385 898 apud
407 824 522 898 patres
546 812 716 896 disseruit,
740 836 801 880 nec
824 837 923 901 posse
939 826 1065 881 motum

86 915 263 983 Orientem
285 917 352 980 nisi
376 913 571 981 Germanici
599 918 767 1002 sapientia
797 920 958 1004 conponi:
986 941 1065 983 nam

85 1044 183 1088 suam
205 1030 353 1086 aetatem
374 1041 524 1103 vergere,
547 1020 651 1086 Drusi
673 1021 821 1088 nondum
845 1024 927 1087 satis
951 1022 1064 1089 adole·

84 1127 188 1190 visse.
212 1133 292 1189 tunc
324 1123 461 1188 decreto
489 1133 623 1210 patrum
649 1126 833 1210 permissae
861 1122 1063 1192 Germanico
1091 1142 1104 1184 ⁵

84 1228 301 1312 provinciae,
325 1248 410 1312 quae
443 1227 529 1290 mari
564 1226 775 1310 dividuntur,
803 1229 977 1316 maiusque
1005 1231 1064 1296 im·

82 1333 230 1417 perium,
264 1352 394 1417 quoquo
418 1329 564 1414 adisset,
598 1353 697 1416 quam
721 1333 779 1414 iis,
813 1332 870 1417 qui
893 1343 982 1399 sorte
1005 1344 1065 1398 aut

81 1437 191 1500 missu
212 1436 373 1521 principis
390 1433 589 1499 obtinerent.
614 1434 675 1499 sed
690 1434 844 1500 Tiberius
870 1435 1064 1504 demoverat

82 1535 184 1603 Suria
208 1535 379 1602 Creticum
394 1535 557 1621 Silanum,
580 1559 640 1623 per
662 1537 875 1603 adfinitatem
898 1561 1063 1605 conexum

82 1640 307 1725 Germanico,
339 1643 417 1727 quia
447 1639 555 1706 Silani
582 1641 654 1707 filia
676 1641 803 1707 Neroni
834 1645 1061 1708 vetustissimo
1088 1661 1115 1702 10

5 1773 8 1788 ³
81 1745 268 1812 liberorum
291 1746 361 1810 eius
385 1756 488 1831 pacta
512 1754 597 1828 erat,
626 1746 902 1832 praefeceratque
925 1743 986 1812 On.
1009 1746 1062 1811 Pi·
1092 1757 1097 1763 ’

81 1872 211 1933 sonem,
234 1851 369 1934 ingenio
385 1847 570 1914 violentum
592 1858 626 1915 et
650 1848 802 1937 obsequii
825 1851 990 1934 ignarum,
1014 1852 1062 1914 in-

81 1956 150 2020 sita
174 1954 303 2018 ferocia
326 1975 346 2018 a
369 1963 467 2038 patre
489 1953 621 2036 Pisone,
646 1955 702 2039 qui
725 1954 820 2019 civili
841 1952 930 2019 bello
953 1975 1062 2018 resur-

81 2068 205 2142 gentes
240 2058 275 2121 in
303 2055 421 2121 Africa
450 2065 565 2141 partes
594 2058 758 2121 acerrimo
785 2058 972 2123 ministerio
1004 2058 1062 2123 ad-

80 2183 202 2226 versus
226 2157 407 2224 Gaesarem
436 2161 540 2241 iuvit,
573 2182 653 2224 mox
680 2158 821 2226 Brutum
849 2171 883 2227 et
905 2159 1061 2226 Cassium
1089 2179 1114 2217 1⁵

81 2274 221 2330 secutus
244 2285 405 2328 concesso
434 2263 547 2328 reditu
575 2265 738 2349 petitione
765 2264 928 2330 bonorum
956 2264 1060 2330 absti-

79 2371 173 2453 nuit,
199 2368 305 2434 donec
328 2367 416 2434 ultro
447 2367 632 2432 ambiretur
661 2367 811 2432 delatum
840 2366 883 2433 ab
907 2366 1061 2452 Augusto

81 2471 296 2539 consulatum
320 2473 484 2557 accipere.
510 2470 569 2536 sed
591 2482 727 2557 praeter
748 2481 907 2557 paternos
924 2473 1060 2556 spiritus

81 2578 201 2642 uxoris
229 2598 359 2663 quoque
380 2575 566 2641 Plancinae
589 2574 770 2641 nobilitate
800 2585 834 2640 et
864 2573 981 2659 opibus
1005 2594 1060 2638 ao·

81 2679 308 2762 cendebatur3
330 2681 391 2745 vix
405 2678 541 2745 Tiberio
565 2678 764 2762 concedere,
787 2678 913 2743 liberos
937 2679 1007 2742 eius
1024 2687 1060 2743 ut
1087 2698 1112 2738 ro

81 2783 224 2848 multum
247 2782 334 2848 infra
358 2781 566 2869 despectare.
604 2803 666 2847 nec
691 2780 829 2847 dubium
850 2780 1001 2846 babebat
1024 2804 1060 2846 so

83 2885 261 2968 delectum,
284 2887 340 2970 qui
364 2885 482 2951 Suriae
505 2887 731 2971 imponeretur
753 2884 797 2949 ad
821 2907 897 2969 spes
921 2882 1060 2950 Germa·

81 2991 153 3054 nici
169 2988 385 3054 coercendas.
402 2988 577 3056 credidere
593 2987 729 3074 quidam
746 2987 827 3053 data
841 2996 874 3053 et
890 2985 1058 3054 a'Piberio

83 3092 220 3159 occulta
247 3091 426 3174 mandata3
460 3101 492 3156 et
516 3091 716 3158 Plancinam
747 3089 840 3156 haud
868 3089 968 3156 dubie
991 3090 1058 3156 Au-

83 3206 184 3280 gusta
218 3197 347 3260 monuit
380 3193 605 3260 aemulatione
645 3193 801 3259 muliebri
835 3192 1059 3280 Agrippinam
1085 3213 1111 3254 a

84 3297 256 3364 insectari.
281 3297 392 3362 divisa
420 3319 563 3383 namque
587 3307 620 3362 et
645 3296 773 3362 discors
804 3296 883 3361 aula
912 3308 986 3362 erat
1007 3307 1058 3363 ta·

83 3405 161 3468 citis
186 3404 222 3468 in
238 3402 384 3468 Drusum
408 3410 467 3470 aut
483 3399 724 3468 Germanicum
747 3400 878 3466 studiis.
902 3400 1058 3466 Tiberius

83 3516 120 3572 ut
158 3508 328 3592 proprium
363 3516 396 3571 et
429 3508 481 3570 sui
516 3507 690 3590 sanguinis
724 3504 871 3570 Drusum
903 3503 1058 3569 fovebat:
1104 3526 1109 3558 .-

86 3607 290 3676 Germanico
315 3608 477 3675 alienatio
499 3611 612 3695 patrui
634 3629 780 3676 amorem
808 3606 898 3694 apud
926 3616 1060 3674 ceteros

973 3742 1006 3796 6}
