<?xml version="1.0" encoding="UTF-8"?>
<!DOCTYPE html PUBLIC "-//W3C//DTD XHTML 1.0 Transitional//EN"
    "http://www.w3.org/TR/xhtml1/DTD/xhtml1-transitional.dtd">
<html xmlns="http://www.w3.org/1999/xhtml" xml:lang="en" lang="en">
 <head>
  <title>
</title>
<meta http-equiv="Content-Type" content="text/html;charset=utf-8" />
  <meta name='ocr-system' content='tesseract 3.04.00' />
  <meta name='ocr-capabilities' content='ocr_page ocr_carea ocr_par ocr_line ocrx_word'/>
</head>
<body>
  <div class='ocr_page' id='page_1' title='image "./corneliitacitia03tacigoog_0241.png"; bbox 0 0 2500 4084; ppageno 0'>
   <div class='ocr_carea' id='block_1_1' title="bbox 233 349 878 440">
    <p class='ocr_par' dir='ltr' id='par_1_1' title="bbox 233 349 878 440">
     <span class='ocr_line' id='line_1_1' title="bbox 233 349 878 440; baseline -0.036 1"><span class='ocrx_word' id='word_1_1' title='bbox 233 367 293 440; x_wconf 85' lang='lat'><strong>198</strong></span> <span class='ocrx_word' id='word_1_2' title='bbox 490 349 493 358; x_wconf 63' lang='lat'>‘</span> <span class='ocrx_word' id='word_1_3' title='bbox 559 367 733 424; x_wconf 74' lang='lat' dir='ltr'><strong>conuenit</strong></span> <span class='ocrx_word' id='word_1_4' title='bbox 756 369 878 421; x_wconf 74' lang='lat' dir='ltr'><strong>rioms</strong></span> 
     </span>
    </p>
   </div>
   <div class='ocr_carea' id='block_1_2' title="bbox 178 559 1238 3755">
    <p class='ocr_par' dir='ltr' id='par_1_2' title="bbox 231 559 1206 756">
     <span class='ocr_line' id='line_1_2' title="bbox 233 559 1206 654; baseline -0.009 -22"><span class='ocrx_word' id='word_1_5' title='bbox 233 563 408 654; x_wconf 90' lang='lat' dir='ltr'><strong>provincia</strong></span> <span class='ocrx_word' id='word_1_6' title='bbox 443 561 642 644; x_wconf 76' lang='lat' dir='ltr'><strong>obvenerat,</strong></span> <span class='ocrx_word' id='word_1_7' title='bbox 678 582 777 646; x_wconf 87' lang='lat' dir='ltr'><strong>super</strong></span> <span class='ocrx_word' id='word_1_8' title='bbox 815 583 989 625; x_wconf 89' lang='lat' dir='ltr'><strong>numerum</strong></span> <span class='ocrx_word' id='word_1_9' title='bbox 1029 559 1206 644; x_wconf 79' lang='lat' dir='ltr'>legaretur,</span> 
     </span>
     <span class='ocr_line' id='line_1_3' title="bbox 231 663 1205 756; baseline -0.01 -20"><span class='ocrx_word' id='word_1_10' title='bbox 231 667 288 756; x_wconf 84' lang='lat' dir='ltr'><strong>qut</strong></span> <span class='ocrx_word' id='word_1_11' title='bbox 310 665 425 755; x_wconf 88' lang='lat' dir='ltr'><strong>templi</strong></span> <span class='ocrx_word' id='word_1_12' title='bbox 448 687 563 732; x_wconf 90' lang='lat' dir='ltr'><strong>curam</strong></span> <span class='ocrx_word' id='word_1_13' title='bbox 585 666 782 751; x_wconf 86' lang='lat' dir='ltr'><strong>susciperet.</strong></span> <span class='ocrx_word' id='word_1_14' title='bbox 806 675 839 729; x_wconf 88' lang='lat' dir='ltr'><strong>et</strong></span> <span class='ocrx_word' id='word_1_15' title='bbox 862 665 942 750; x_wconf 90' lang='lat' dir='ltr'><strong>quia</strong></span> <span class='ocrx_word' id='word_1_16' title='bbox 963 663 1116 750; x_wconf 79' lang='lat' dir='ltr'>Lepidus</span> <span class='ocrx_word' id='word_1_17' title='bbox 1136 665 1205 747; x_wconf 89' lang='lat' dir='ltr'><strong>ipse</strong></span> 
     </span>
    </p>

    <p class='ocr_par' dir='ltr' id='par_1_3' title="bbox 178 765 1205 963">
     <span class='ocr_line' id='line_1_4' title="bbox 178 765 1205 859; baseline -0.012 -20"><span class='ocrx_word' id='word_1_18' title='bbox 178 792 204 834; x_wconf 71' lang='grc' dir='ltr'><strong>ιο</strong></span> <span class='ocrx_word' id='word_1_19' title='bbox 233 771 382 856; x_wconf 80' lang='lat' dir='ltr'>deligere</span> <span class='ocrx_word' id='word_1_20' title='bbox 409 791 469 859; x_wconf 87' lang='lat' dir='ltr'><strong>per</strong></span> <span class='ocrx_word' id='word_1_21' title='bbox 496 768 696 835; x_wconf 83' lang='lat' dir='ltr'><strong>modestiam</strong></span> <span class='ocrx_word' id='word_1_22' title='bbox 724 767 912 850; x_wconf 79' lang='lat' dir='ltr'><strong>abnuebat,</strong></span> <span class='ocrx_word' id='word_1_23' title='bbox 934 765 1096 832; x_wconf 84' lang='lat' dir='ltr'><strong>Valerius</strong></span> <span class='ocrx_word' id='word_1_24' title='bbox 1118 768 1205 833; x_wconf 82' lang='lat' dir='ltr'><strong>Naso</strong></span> 
     </span>
     <span class='ocr_line' id='line_1_5' title="bbox 232 874 795 963; baseline -0.012 -20"><span class='ocrx_word' id='word_1_25' title='bbox 232 899 249 942; x_wconf 88' lang='lat' dir='ltr'><strong>o</strong></span> <span class='ocrx_word' id='word_1_26' title='bbox 272 875 450 963; x_wconf 86' lang='lat' dir='ltr'><strong>praetoriis</strong></span> <span class='ocrx_word' id='word_1_27' title='bbox 475 881 565 940; x_wconf 80' lang='lat' dir='ltr'><strong>sorte</strong></span> <span class='ocrx_word' id='word_1_28' title='bbox 587 874 710 939; x_wconf 80' lang='lat' dir='ltr'><strong>missus</strong></span> <span class='ocrx_word' id='word_1_29' title='bbox 734 881 795 938; x_wconf 84' lang='lat' dir='ltr'><strong>est.</strong></span> 
     </span>
    </p>

    <p class='ocr_par' dir='ltr' id='par_1_4' title="bbox 229 974 1205 1374">
     <span class='ocr_line' id='line_1_6' title="bbox 332 974 1205 1064; baseline 0 -24"><span class='ocrx_word' id='word_1_30' title='bbox 332 975 384 1044; x_wconf 82' lang='grc'><strong>57.</strong></span> <span class='ocrx_word' id='word_1_31' title='bbox 408 977 502 1043; x_wconf 87' lang='lat' dir='ltr'><strong>Inter</strong></span> <span class='ocrx_word' id='word_1_32' title='bbox 525 999 611 1064; x_wconf 90' lang='lat' dir='ltr'><strong>quae</strong></span> <span class='ocrx_word' id='word_1_33' title='bbox 635 975 693 1042; x_wconf 94' lang='lat' dir='ltr'><strong>diu</strong></span> <span class='ocrx_word' id='word_1_34' title='bbox 721 974 885 1041; x_wconf 88' lang='lat' dir='ltr'><strong>meditato</strong></span> <span class='ocrx_word' id='word_1_35' title='bbox 914 974 1115 1062; x_wconf 88' lang='lat' dir='ltr'><strong>prolatoque</strong></span> <span class='ocrx_word' id='word_1_36' title='bbox 1138 999 1205 1040; x_wconf 82' lang='lat' dir='ltr'><strong>sae</strong></span> 
     </span>
     <span class='ocr_line' id='line_1_7' title="bbox 229 1077 1204 1170; baseline -0.006 -22"><span class='ocrx_word' id='word_1_37' title='bbox 229 1083 303 1170; x_wconf 90' lang='lat' dir='ltr'><strong>pius</strong></span> <span class='ocrx_word' id='word_1_38' title='bbox 321 1079 461 1148; x_wconf 90' lang='lat' dir='ltr'><strong>consilio</strong></span> <span class='ocrx_word' id='word_1_39' title='bbox 485 1079 621 1147; x_wconf 87' lang='lat' dir='ltr'><strong>tandem</strong></span> <span class='ocrx_word' id='word_1_40' title='bbox 637 1077 766 1145; x_wconf 86' lang='lat' dir='ltr'><strong>Caesar</strong></span> <span class='ocrx_word' id='word_1_41' title='bbox 780 1080 814 1143; x_wconf 93' lang='lat' dir='ltr'><strong>in</strong></span> <span class='ocrx_word' id='word_1_42' title='bbox 831 1077 1052 1165; x_wconf 80' lang='lat' dir='ltr'><strong>Campaniam</strong></span> <span class='ocrx_word' id='word_1_43' title='bbox 1076 1079 1204 1145; x_wconf 85' lang='lat' dir='ltr'><strong>absces-</strong></span> 
     </span>
     <span class='ocr_line' id='line_1_8' title="bbox 231 1180 1204 1274; baseline -0.005 -23"><span class='ocrx_word' id='word_1_44' title='bbox 231 1185 285 1268; x_wconf 82' lang='lat' dir='ltr'><strong>tit,</strong></span> <span class='ocrx_word' id='word_1_45' title='bbox 309 1186 420 1274; x_wconf 83' lang='lat' dir='ltr'><strong>specie</strong></span> <span class='ocrx_word' id='word_1_46' title='bbox 453 1182 633 1251; x_wconf 88' lang='lat' dir='ltr'><strong>dedicandi</strong></span> <span class='ocrx_word' id='word_1_47' title='bbox 666 1182 790 1270; x_wconf 90' lang='lat' dir='ltr'><strong>templa</strong></span> <span class='ocrx_word' id='word_1_48' title='bbox 821 1181 911 1269; x_wconf 91' lang='lat' dir='ltr'><strong>apud</strong></span> <span class='ocrx_word' id='word_1_49' title='bbox 943 1180 1098 1268; x_wconf 80' lang='lat' dir='ltr'><strong>Capuam</strong></span> <span class='ocrx_word' id='word_1_50' title='bbox 1126 1183 1204 1263; x_wconf 88' lang='lat' dir='ltr'><strong>Iovi,</strong></span> 
     </span>
     <span class='ocr_line' id='line_1_9' title="bbox 230 1285 1204 1374; baseline -0.004 -20"><span class='ocrx_word' id='word_1_51' title='bbox 230 1285 319 1374; x_wconf 85' lang='lat' dir='ltr'><strong>apud</strong></span> <span class='ocrx_word' id='word_1_52' title='bbox 342 1286 461 1354; x_wconf 86' lang='lat' dir='ltr'><strong>Nolam</strong></span> <span class='ocrx_word' id='word_1_53' title='bbox 489 1286 660 1371; x_wconf 87' lang='lat' dir='ltr'><strong>Augusto,</strong></span> <span class='ocrx_word' id='word_1_54' title='bbox 684 1286 744 1352; x_wconf 87' lang='lat' dir='ltr'><strong>sed</strong></span> <span class='ocrx_word' id='word_1_55' title='bbox 766 1295 878 1351; x_wconf 84' lang='lat' dir='ltr'><strong>certus</strong></span> <span class='ocrx_word' id='word_1_56' title='bbox 900 1285 1019 1372; x_wconf 88' lang='lat' dir='ltr'><strong>procul</strong></span> <span class='ocrx_word' id='word_1_57' title='bbox 1041 1286 1125 1351; x_wconf 87' lang='lat' dir='ltr'><strong>urbe</strong></span> <span class='ocrx_word' id='word_1_58' title='bbox 1154 1285 1204 1350; x_wconf 83' lang='lat' dir='ltr'><strong>de-</strong></span> 
     </span>
    </p>

    <p class='ocr_par' dir='ltr' id='par_1_5' title="bbox 192 1388 1204 1892">
     <span class='ocr_line' id='line_1_10' title="bbox 192 1388 1203 1477; baseline 0.001 -25"><span class='ocrx_word' id='word_1_59' title='bbox 192 1409 204 1452; x_wconf 84' lang='lat' dir='ltr'><strong>c</strong></span> <span class='ocrx_word' id='word_1_60' title='bbox 231 1409 319 1476; x_wconf 81' lang='lat' dir='ltr'><strong>gere.</strong></span> <span class='ocrx_word' id='word_1_61' title='bbox 337 1411 474 1456; x_wconf 86' lang='lat' dir='ltr'><strong>causam</strong></span> <span class='ocrx_word' id='word_1_62' title='bbox 491 1388 671 1456; x_wconf 84' lang='lat' dir='ltr'><strong>abscessus</strong></span> <span class='ocrx_word' id='word_1_63' title='bbox 687 1411 887 1477; x_wconf 90' lang='lat' dir='ltr'><strong>quamquam</strong></span> <span class='ocrx_word' id='word_1_64' title='bbox 901 1400 1035 1454; x_wconf 87' lang='lat' dir='ltr'><strong>secutus</strong></span> <span class='ocrx_word' id='word_1_65' title='bbox 1046 1389 1203 1475; x_wconf 87' lang='lat' dir='ltr'><strong>plurimos</strong></span> 
     </span>
     <span class='ocr_line' id='line_1_11' title="bbox 231 1491 1203 1581; baseline -0.004 -21"><span class='ocrx_word' id='word_1_66' title='bbox 231 1501 405 1560; x_wconf 89' lang='lat' dir='ltr'><strong>auctorum</strong></span> <span class='ocrx_word' id='word_1_67' title='bbox 428 1493 474 1560; x_wconf 89' lang='lat' dir='ltr'><strong>ad</strong></span> <span class='ocrx_word' id='word_1_68' title='bbox 489 1491 604 1560; x_wconf 86' lang='lat' dir='ltr'><strong>Seiani</strong></span> <span class='ocrx_word' id='word_1_69' title='bbox 621 1502 712 1559; x_wconf 90' lang='lat' dir='ltr'><strong>artes</strong></span> <span class='ocrx_word' id='word_1_70' title='bbox 728 1493 854 1577; x_wconf 89' lang='lat' dir='ltr'><strong>rettuli,</strong></span> <span class='ocrx_word' id='word_1_71' title='bbox 878 1493 956 1581; x_wconf 91' lang='lat' dir='ltr'><strong>quia</strong></span> <span class='ocrx_word' id='word_1_72' title='bbox 972 1502 1088 1558; x_wconf 85' lang='lat' dir='ltr'><strong>tamen</strong></span> <span class='ocrx_word' id='word_1_73' title='bbox 1104 1493 1203 1559; x_wconf 84' lang='lat' dir='ltr'><strong>caede</strong></span> 
     </span>
     <span class='ocr_line' id='line_1_12' title="bbox 232 1597 1204 1686; baseline -0.003 -22"><span class='ocrx_word' id='word_1_74' title='bbox 232 1597 304 1664; x_wconf 86' lang='lat' dir='ltr'><strong>eius</strong></span> <span class='ocrx_word' id='word_1_75' title='bbox 327 1605 464 1685; x_wconf 85' lang='lat' dir='ltr'><strong>patrata</strong></span> <span class='ocrx_word' id='word_1_76' title='bbox 483 1619 543 1663; x_wconf 88' lang='lat' dir='ltr'><strong>sex</strong></span> <span class='ocrx_word' id='word_1_77' title='bbox 558 1607 677 1684; x_wconf 85' lang='lat' dir='ltr'><strong>postea</strong></span> <span class='ocrx_word' id='word_1_78' title='bbox 701 1619 809 1662; x_wconf 90' lang='lat' dir='ltr'><strong>annos</strong></span> <span class='ocrx_word' id='word_1_79' title='bbox 824 1598 899 1686; x_wconf 91' lang='lat' dir='ltr'><strong>pari</strong></span> <span class='ocrx_word' id='word_1_80' title='bbox 923 1607 1055 1663; x_wconf 86' lang='lat' dir='ltr'><strong>secreto</strong></span> <span class='ocrx_word' id='word_1_81' title='bbox 1071 1599 1204 1662; x_wconf 90' lang='lat' dir='ltr'><strong>coniun-</strong></span> 
     </span>
     <span class='ocr_line' id='line_1_13' title="bbox 231 1699 1204 1789; baseline -0.004 -22"><span class='ocrx_word' id='word_1_82' title='bbox 231 1701 292 1784; x_wconf 85' lang='lat' dir='ltr'><strong>xit,</strong></span> <span class='ocrx_word' id='word_1_83' title='bbox 315 1700 507 1789; x_wconf 87' lang='lat' dir='ltr'><strong>plerumque</strong></span> <span class='ocrx_word' id='word_1_84' title='bbox 530 1721 741 1788; x_wconf 88' lang='lat' dir='ltr'><strong>permoveor,</strong></span> <span class='ocrx_word' id='word_1_85' title='bbox 773 1723 852 1766; x_wconf 90' lang='lat' dir='ltr'><strong>num</strong></span> <span class='ocrx_word' id='word_1_86' title='bbox 881 1699 925 1765; x_wconf 89' lang='lat' dir='ltr'><strong>ad</strong></span> <span class='ocrx_word' id='word_1_87' title='bbox 954 1701 1065 1786; x_wconf 90' lang='lat' dir='ltr'><strong>ipsum</strong></span> <span class='ocrx_word' id='word_1_88' title='bbox 1091 1701 1204 1766; x_wconf 84' lang='lat' dir='ltr'><strong>referri</strong></span> 
     </span>
     <span class='ocr_line' id='line_1_14' title="bbox 231 1802 1204 1892; baseline 0.002 -24"><span class='ocrx_word' id='word_1_89' title='bbox 231 1803 341 1870; x_wconf 88' lang='lat' dir='ltr'><strong>verius</strong></span> <span class='ocrx_word' id='word_1_90' title='bbox 367 1805 421 1888; x_wconf 87' lang='lat' dir='ltr'><strong>sit,</strong></span> <span class='ocrx_word' id='word_1_91' title='bbox 445 1803 625 1870; x_wconf 85' lang='lat' dir='ltr'><strong>saevitiam</strong></span> <span class='ocrx_word' id='word_1_92' title='bbox 648 1827 689 1870; x_wconf 89' lang='lat' dir='ltr'><strong>ac</strong></span> <span class='ocrx_word' id='word_1_93' title='bbox 712 1802 889 1869; x_wconf 89' lang='lat' dir='ltr'><strong>libidinem</strong></span> <span class='ocrx_word' id='word_1_94' title='bbox 912 1823 986 1868; x_wconf 92' lang='lat' dir='ltr'><strong>cum</strong></span> <span class='ocrx_word' id='word_1_95' title='bbox 1010 1804 1111 1870; x_wconf 89' lang='lat' dir='ltr'><strong>factis</strong></span> <span class='ocrx_word' id='word_1_96' title='bbox 1135 1826 1204 1892; x_wconf 90' lang='lat' dir='ltr'><strong>pro·</strong></span> 
     </span>
    </p>

    <p class='ocr_par' dir='ltr' id='par_1_6' title="bbox 180 1905 1205 2406">
     <span class='ocr_line' id='line_1_15' title="bbox 180 1905 1203 1993; baseline 0.003 -25"><span class='ocrx_word' id='word_1_97' title='bbox 180 1927 204 1968; x_wconf 83' lang='lat' dir='ltr'><strong>ro</strong></span> <span class='ocrx_word' id='word_1_98' title='bbox 231 1915 346 1992; x_wconf 87' lang='lat' dir='ltr'><strong>meret,</strong></span> <span class='ocrx_word' id='word_1_99' title='bbox 370 1905 453 1974; x_wconf 84' lang='lat' dir='ltr'><strong>locis</strong></span> <span class='ocrx_word' id='word_1_100' title='bbox 479 1907 714 1975; x_wconf 82' lang='lat' dir='ltr'><strong>occultantem.</strong></span> <span class='ocrx_word' id='word_1_101' title='bbox 761 1915 858 1972; x_wconf 89' lang='lat' dir='ltr'><strong>erant</strong></span> <span class='ocrx_word' id='word_1_102' title='bbox 888 1907 943 1993; x_wconf 91' lang='lat' dir='ltr'><strong>qui</strong></span> <span class='ocrx_word' id='word_1_103' title='bbox 966 1906 1145 1974; x_wconf 86' lang='lat' dir='ltr'><strong>crederent</strong></span> <span class='ocrx_word' id='word_1_104' title='bbox 1173 1910 1203 1972; x_wconf 93' lang='lat' dir='ltr'><strong>in</strong></span> 
     </span>
     <span class='ocr_line' id='line_1_16' title="bbox 232 2009 1205 2098; baseline -0.002 -22"><span class='ocrx_word' id='word_1_105' title='bbox 232 2017 404 2076; x_wconf 84' lang='lat' dir='ltr'><strong>senectute</strong></span> <span class='ocrx_word' id='word_1_106' title='bbox 428 2011 577 2098; x_wconf 87' lang='lat' dir='ltr'><strong>corporis</strong></span> <span class='ocrx_word' id='word_1_107' title='bbox 602 2032 730 2098; x_wconf 89' lang='lat' dir='ltr'><strong>quoqne</strong></span> <span class='ocrx_word' id='word_1_108' title='bbox 758 2009 911 2075; x_wconf 88' lang='lat' dir='ltr'><strong>habitum</strong></span> <span class='ocrx_word' id='word_1_109' title='bbox 938 2009 1059 2095; x_wconf 86' lang='lat' dir='ltr'><strong>pudori</strong></span> <span class='ocrx_word' id='word_1_110' title='bbox 1088 2011 1205 2075; x_wconf 86' lang='lat' dir='ltr'><strong>fuisse:</strong></span> 
     </span>
     <span class='ocr_line' id='line_1_17' title="bbox 232 2113 1204 2200; baseline -0.002 -22"><span class='ocrx_word' id='word_1_111' title='bbox 232 2114 352 2200; x_wconf 88' lang='lat' dir='ltr'><strong>quippe</strong></span> <span class='ocrx_word' id='word_1_112' title='bbox 369 2113 417 2179; x_wconf 92' lang='lat' dir='ltr'><strong>illi</strong></span> <span class='ocrx_word' id='word_1_113' title='bbox 433 2114 656 2200; x_wconf 86' lang='lat' dir='ltr'><strong>praegracilis</strong></span> <span class='ocrx_word' id='word_1_114' title='bbox 674 2122 705 2179; x_wconf 93' lang='lat' dir='ltr'><strong>et</strong></span> <span class='ocrx_word' id='word_1_115' title='bbox 722 2114 862 2180; x_wconf 86' lang='lat' dir='ltr'><strong>incurva</strong></span> <span class='ocrx_word' id='word_1_116' title='bbox 878 2115 1077 2198; x_wconf 89' lang='lat' dir='ltr'><strong>proceritas,</strong></span> <span class='ocrx_word' id='word_1_117' title='bbox 1099 2113 1204 2180; x_wconf 87' lang='lat' dir='ltr'><strong>nudus</strong></span> 
     </span>
     <span class='ocr_line' id='line_1_18' title="bbox 233 2214 1205 2304; baseline 0 -22"><span class='ocrx_word' id='word_1_118' title='bbox 233 2214 356 2302; x_wconf 87' lang='lat' dir='ltr'><strong>capillo</strong></span> <span class='ocrx_word' id='word_1_119' title='bbox 379 2227 515 2301; x_wconf 85' lang='lat' dir='ltr'><strong>vertex,</strong></span> <span class='ocrx_word' id='word_1_120' title='bbox 545 2217 698 2283; x_wconf 88' lang='lat' dir='ltr'><strong>ulcerosa</strong></span> <span class='ocrx_word' id='word_1_121' title='bbox 720 2217 825 2283; x_wconf 88' lang='lat' dir='ltr'><strong>facies</strong></span> <span class='ocrx_word' id='word_1_122' title='bbox 856 2238 897 2283; x_wconf 90' lang='lat' dir='ltr'><strong>ac</strong></span> <span class='ocrx_word' id='word_1_123' title='bbox 920 2215 1115 2304; x_wconf 89' lang='lat' dir='ltr'><strong>plerumque</strong></span> <span class='ocrx_word' id='word_1_124' title='bbox 1144 2239 1205 2284; x_wconf 87' lang='lat' dir='ltr'><strong>me·</strong></span> 
     </span>
     <span class='ocr_line' id='line_1_19' title="bbox 233 2319 1204 2406; baseline 0 -20"><span class='ocrx_word' id='word_1_125' title='bbox 233 2319 457 2386; x_wconf 87' lang='lat' dir='ltr'><strong>dicaminibus</strong></span> <span class='ocrx_word' id='word_1_126' title='bbox 486 2322 718 2406; x_wconf 75' lang='lat' dir='ltr'><strong>interstincta,</strong></span> <span class='ocrx_word' id='word_1_127' title='bbox 747 2331 780 2388; x_wconf 91' lang='lat' dir='ltr'><strong>et</strong></span> <span class='ocrx_word' id='word_1_128' title='bbox 802 2320 912 2386; x_wconf 86' lang='lat' dir='ltr'><strong>Rhodi</strong></span> <span class='ocrx_word' id='word_1_129' title='bbox 941 2331 1071 2387; x_wconf 88' lang='lat' dir='ltr'><strong>secreto</strong></span> <span class='ocrx_word' id='word_1_130' title='bbox 1100 2323 1204 2389; x_wconf 83' lang='lat' dir='ltr'><strong>vitare</strong></span> 
     </span>
    </p>

    <p class='ocr_par' dir='ltr' id='par_1_7' title="bbox 180 2423 1205 2925">
     <span class='ocr_line' id='line_1_20' title="bbox 180 2423 1205 2513; baseline 0.003 -27"><span class='ocrx_word' id='word_1_131' title='bbox 180 2443 204 2486; x_wconf 90' lang='lat' dir='ltr'><strong>u</strong></span> <span class='ocrx_word' id='word_1_132' title='bbox 232 2431 363 2507; x_wconf 86' lang='lat' dir='ltr'><strong>coetus,</strong></span> <span class='ocrx_word' id='word_1_133' title='bbox 402 2423 584 2491; x_wconf 87' lang='lat' dir='ltr'><strong>recondere</strong></span> <span class='ocrx_word' id='word_1_134' title='bbox 623 2423 814 2513; x_wconf 85' lang='lat' dir='ltr'><strong>voluptates</strong></span> <span class='ocrx_word' id='word_1_135' title='bbox 854 2425 1016 2491; x_wconf 89' lang='lat' dir='ltr'><strong>insuerat.</strong></span> <span class='ocrx_word' id='word_1_136' title='bbox 1063 2425 1205 2492; x_wconf 90' lang='lat' dir='ltr'><strong>traditur</strong></span> 
     </span>
     <span class='ocr_line' id='line_1_21' title="bbox 232 2527 1203 2617; baseline 0 -24"><span class='ocrx_word' id='word_1_137' title='bbox 232 2527 333 2594; x_wconf 84' lang='lat' dir='ltr'><strong>etium</strong></span> <span class='ocrx_word' id='word_1_138' title='bbox 355 2529 474 2594; x_wconf 85' lang='lat' dir='ltr'><strong>matris</strong></span> <span class='ocrx_word' id='word_1_139' title='bbox 498 2527 686 2615; x_wconf 88' lang='lat' dir='ltr'><strong>inpotentia</strong></span> <span class='ocrx_word' id='word_1_140' title='bbox 710 2539 901 2614; x_wconf 89' lang='lat' dir='ltr'><strong>extrusum,</strong></span> <span class='ocrx_word' id='word_1_141' title='bbox 929 2551 1029 2617; x_wconf 89' lang='lat' dir='ltr'><strong>quam</strong></span> <span class='ocrx_word' id='word_1_142' title='bbox 1060 2529 1203 2596; x_wconf 89' lang='lat' dir='ltr'><strong>domina·</strong></span> 
     </span>
     <span class='ocr_line' id='line_1_22' title="bbox 231 2629 1202 2720; baseline -0.001 -24"><span class='ocrx_word' id='word_1_143' title='bbox 231 2631 332 2697; x_wconf 90' lang='lat' dir='ltr'><strong>tionis</strong></span> <span class='ocrx_word' id='word_1_144' title='bbox 350 2631 476 2698; x_wconf 91' lang='lat' dir='ltr'><strong>sociam</strong></span> <span class='ocrx_word' id='word_1_145' title='bbox 492 2631 740 2719; x_wconf 85' lang='lat' dir='ltr'><strong>aspernabatur</strong></span> <span class='ocrx_word' id='word_1_146' title='bbox 755 2655 863 2720; x_wconf 89' lang='lat' dir='ltr'><strong>neque</strong></span> <span class='ocrx_word' id='word_1_147' title='bbox 881 2629 1048 2718; x_wconf 90' lang='lat' dir='ltr'><strong>depellere</strong></span> <span class='ocrx_word' id='word_1_148' title='bbox 1064 2641 1202 2720; x_wconf 85' lang='lat' dir='ltr'><strong>poterat,</strong></span> 
     </span>
     <span class='ocr_line' id='line_1_23' title="bbox 230 2733 1201 2824; baseline -0.001 -26"><span class='ocrx_word' id='word_1_149' title='bbox 230 2754 305 2798; x_wconf 88' lang='lat' dir='ltr'><strong>oum</strong></span> <span class='ocrx_word' id='word_1_150' title='bbox 330 2733 591 2802; x_wconf 88' lang='lat' dir='ltr'><strong>dominationem</strong></span> <span class='ocrx_word' id='word_1_151' title='bbox 614 2737 722 2822; x_wconf 84' lang='lat' dir='ltr'><strong>ipsam</strong></span> <span class='ocrx_word' id='word_1_152' title='bbox 753 2735 876 2802; x_wconf 91' lang='lat' dir='ltr'><strong>donum</strong></span> <span class='ocrx_word' id='word_1_153' title='bbox 905 2738 975 2802; x_wconf 87' lang='lat' dir='ltr'><strong>eius</strong></span> <span class='ocrx_word' id='word_1_154' title='bbox 1008 2737 1201 2824; x_wconf 87' lang='lat' dir='ltr'><strong>accepisset.</strong></span> 
     </span>
     <span class='ocr_line' id='line_1_24' title="bbox 230 2837 1200 2925; baseline 0 -25"><span class='ocrx_word' id='word_1_155' title='bbox 230 2857 308 2902; x_wconf 87' lang='lat' dir='ltr'><strong>nam</strong></span> <span class='ocrx_word' id='word_1_156' title='bbox 343 2837 560 2906; x_wconf 85' lang='lat' dir='ltr'><strong>dubitaverat</strong></span> <span class='ocrx_word' id='word_1_157' title='bbox 588 2839 762 2925; x_wconf 84' lang='lat' dir='ltr'><strong>Augustus</strong></span> <span class='ocrx_word' id='word_1_158' title='bbox 798 2837 1047 2923; x_wconf 79' lang='lat' dir='ltr'><strong>Germanicum,</strong></span> <span class='ocrx_word' id='word_1_159' title='bbox 1083 2841 1200 2908; x_wconf 88' lang='lat' dir='ltr'><strong>sororis</strong></span> 
     </span>
    </p>

    <p class='ocr_par' dir='ltr' id='par_1_8' title="bbox 183 2942 1202 3341">
     <span class='ocr_line' id='line_1_25' title="bbox 183 2942 1202 3028; baseline 0.002 -22"><span class='ocrx_word' id='word_1_160' title='bbox 183 2965 209 3006; x_wconf 80' lang='lat' dir='ltr'><strong>ro</strong></span> <span class='ocrx_word' id='word_1_161' title='bbox 236 2949 391 3027; x_wconf 91' lang='lat' dir='ltr'><strong>nepotem</strong></span> <span class='ocrx_word' id='word_1_162' title='bbox 425 2952 459 3009; x_wconf 89' lang='lat' dir='ltr'><strong>et</strong></span> <span class='ocrx_word' id='word_1_163' title='bbox 492 2944 623 3010; x_wconf 81' lang='lat' dir='ltr'><strong>cunctis</strong></span> <span class='ocrx_word' id='word_1_164' title='bbox 652 2942 842 3028; x_wconf 87' lang='lat' dir='ltr'><strong>laudatum,</strong></span> <span class='ocrx_word' id='word_1_165' title='bbox 872 2943 921 3009; x_wconf 90' lang='lat' dir='ltr'><strong>rei</strong></span> <span class='ocrx_word' id='word_1_166' title='bbox 948 2943 1124 3009; x_wconf 86' lang='lat' dir='ltr'><strong>Romanae</strong></span> <span class='ocrx_word' id='word_1_167' title='bbox 1152 2946 1202 3008; x_wconf 89' lang='lat' dir='ltr'><strong>im·</strong></span> 
     </span>
     <span class='ocr_line' id='line_1_26' title="bbox 230 3043 1200 3132; baseline 0 -23"><span class='ocrx_word' id='word_1_168' title='bbox 230 3064 370 3130; x_wconf 90' lang='lat' dir='ltr'><strong>ponere,</strong></span> <span class='ocrx_word' id='word_1_169' title='bbox 402 3044 462 3111; x_wconf 90' lang='lat' dir='ltr'><strong>sed</strong></span> <span class='ocrx_word' id='word_1_170' title='bbox 484 3044 640 3132; x_wconf 86' lang='lat' dir='ltr'><strong>precibus</strong></span> <span class='ocrx_word' id='word_1_171' title='bbox 669 3047 784 3111; x_wconf 88' lang='lat' dir='ltr'><strong>uxoris</strong></span> <span class='ocrx_word' id='word_1_172' title='bbox 814 3047 943 3112; x_wconf 87' lang='lat' dir='ltr'><strong>evictus</strong></span> <span class='ocrx_word' id='word_1_173' title='bbox 966 3043 1104 3112; x_wconf 83' lang='lat' dir='ltr'><strong>Tiberio</strong></span> <span class='ocrx_word' id='word_1_174' title='bbox 1129 3045 1200 3111; x_wconf 84' lang='lat' dir='ltr'><strong>Ger·</strong></span> 
     </span>
     <span class='ocr_line' id='line_1_27' title="bbox 229 3147 1201 3237; baseline -0.003 -23"><span class='ocrx_word' id='word_1_175' title='bbox 229 3149 413 3234; x_wconf 86' lang='lat' dir='ltr'><strong>matricum,</strong></span> <span class='ocrx_word' id='word_1_176' title='bbox 444 3148 509 3216; x_wconf 81' lang='lat' dir='ltr'><strong>sibi</strong></span> <span class='ocrx_word' id='word_1_177' title='bbox 532 3150 703 3217; x_wconf 80' lang='lat' dir='ltr'><strong>Tiberium</strong></span> <span class='ocrx_word' id='word_1_178' title='bbox 727 3150 883 3216; x_wconf 89' lang='lat' dir='ltr'><strong>adscivit.</strong></span> <span class='ocrx_word' id='word_1_179' title='bbox 929 3147 1029 3237; x_wconf 92' lang='lat' dir='ltr'><strong>idque</strong></span> <span class='ocrx_word' id='word_1_180' title='bbox 1051 3147 1201 3234; x_wconf 85' lang='lat' dir='ltr'><strong>Augusta</strong></span> 
     </span>
     <span class='ocr_line' id='line_1_28' title="bbox 230 3251 701 3341; baseline 0.006 -24"><span class='ocrx_word' id='word_1_181' title='bbox 230 3251 467 3339; x_wconf 85' lang='lat' dir='ltr'><strong>exprobrabat,</strong></span> <span class='ocrx_word' id='word_1_182' title='bbox 490 3253 701 3341; x_wconf 86' lang='lat' dir='ltr'><strong>reposcebat.</strong></span> 
     </span>
    </p>

    <p class='ocr_par' dir='ltr' id='par_1_9' title="bbox 231 3355 1238 3755">
     <span class='ocr_line' id='line_1_29' title="bbox 333 3355 1200 3424; baseline -0.001 -6"><span class='ocrx_word' id='word_1_183' title='bbox 333 3355 384 3420; x_wconf 81' lang='grc'><strong>58.</strong></span> <span class='ocrx_word' id='word_1_184' title='bbox 407 3357 574 3422; x_wconf 83' lang='lat' dir='ltr'><strong>Profectio</strong></span> <span class='ocrx_word' id='word_1_185' title='bbox 600 3367 673 3423; x_wconf 91' lang='lat' dir='ltr'><strong>arto</strong></span> <span class='ocrx_word' id='word_1_186' title='bbox 690 3357 853 3424; x_wconf 84' lang='lat' dir='ltr'><strong>comitatu</strong></span> <span class='ocrx_word' id='word_1_187' title='bbox 868 3355 946 3422; x_wconf 87' lang='lat' dir='ltr'><strong>luit:</strong></span> <span class='ocrx_word' id='word_1_188' title='bbox 969 3377 1055 3421; x_wconf 89' lang='lat' dir='ltr'><strong>unus</strong></span> <span class='ocrx_word' id='word_1_189' title='bbox 1072 3367 1200 3422; x_wconf 89' lang='lat' dir='ltr'><strong>senator</strong></span> 
     </span>
     <span class='ocr_line' id='line_1_30' title="bbox 231 3457 1198 3546; baseline 0.001 -24"><span class='ocrx_word' id='word_1_190' title='bbox 231 3457 409 3522; x_wconf 88' lang='lat' dir='ltr'><strong>consulatu</strong></span> <span class='ocrx_word' id='word_1_191' title='bbox 447 3459 600 3542; x_wconf 89' lang='lat' dir='ltr'><strong>functus,</strong></span> <span class='ocrx_word' id='word_1_192' title='bbox 639 3459 801 3527; x_wconf 82' lang='lat' dir='ltr'><strong>Cocceius</strong></span> <span class='ocrx_word' id='word_1_193' title='bbox 836 3459 965 3545; x_wconf 84' lang='lat' dir='ltr'><strong>Nerva,</strong></span> <span class='ocrx_word' id='word_1_194' title='bbox 1003 3461 1059 3525; x_wconf 89' lang='lat' dir='ltr'><strong>cui</strong></span> <span class='ocrx_word' id='word_1_195' title='bbox 1096 3459 1198 3546; x_wconf 80' lang='lat' dir='ltr'><strong>legunt</strong></span> 
     </span>
     <span class='ocr_line' id='line_1_31' title="bbox 231 3559 1199 3650; baseline 0.005 -28"><span class='ocrx_word' id='word_1_196' title='bbox 231 3559 369 3643; x_wconf 89' lang='lat' dir='ltr'><strong>peritia,</strong></span> <span class='ocrx_word' id='word_1_197' title='bbox 400 3581 499 3646; x_wconf 84' lang='lat' dir='ltr'><strong>eques</strong></span> <span class='ocrx_word' id='word_1_198' title='bbox 529 3562 699 3629; x_wconf 88' lang='lat' dir='ltr'><strong>Romanus</strong></span> <span class='ocrx_word' id='word_1_199' title='bbox 729 3573 866 3650; x_wconf 86' lang='lat' dir='ltr'><strong>praeter</strong></span> <span class='ocrx_word' id='word_1_200' title='bbox 893 3561 1053 3629; x_wconf 82' lang='lat' dir='ltr'><strong>Seianum</strong></span> <span class='ocrx_word' id='word_1_201' title='bbox 1088 3585 1131 3630; x_wconf 85' lang='lat' dir='ltr'><strong>ex</strong></span> <span class='ocrx_word' id='word_1_202' title='bbox 1160 3565 1199 3629; x_wconf 92' lang='lat' dir='ltr'><strong>in·</strong></span> 
     </span>
     <span class='ocr_line' id='line_1_32' title="bbox 232 3657 1238 3755; baseline 0.005 -34"><span class='ocrx_word' id='word_1_203' title='bbox 232 3657 393 3723; x_wconf 71' lang='lat' dir='ltr'><strong>lustribus</strong></span> <span class='ocrx_word' id='word_1_204' title='bbox 410 3657 545 3727; x_wconf 90' lang='lat' dir='ltr'><strong>Curtius</strong></span> <span class='ocrx_word' id='word_1_205' title='bbox 569 3661 714 3746; x_wconf 87' lang='lat' dir='ltr'><strong>Atticus,</strong></span> <span class='ocrx_word' id='word_1_206' title='bbox 737 3665 840 3729; x_wconf 85' lang='lat' dir='ltr'><strong>ceteri</strong></span> <span class='ocrx_word' id='word_1_207' title='bbox 863 3663 1062 3732; x_wconf 85' lang='lat' dir='ltr'><strong>liberalibus</strong></span> <span class='ocrx_word' id='word_1_208' title='bbox 1087 3665 1198 3732; x_wconf 87' lang='lat' dir='ltr'><strong>studiis</strong></span> <span class='ocrx_word' id='word_1_209' title='bbox 1237 3721 1238 3755; x_wconf 60' lang='lat'><strong>,</strong></span> 
     </span>
    </p>
   </div>
   <div class='ocr_carea' id='block_1_3' title="bbox 0 0 1254 4084">
    <p class='ocr_par' dir='ltr' id='par_1_10' title="bbox 0 0 1254 4084">
     <span class='ocr_line' id='line_1_33' title="bbox 0 0 1254 4084; baseline 0 0"><span class='ocrx_word' id='word_1_210' title='bbox 0 0 1254 4084; x_wconf 95' lang='lat' dir='ltr'><strong> </strong></span> 
     </span>
    </p>
   </div>
  </div>
 </body>
</html>
