2530 4084
228 267 290 334 108
558 268 732 322 conunnu
751 269 872 320 110111

224 458 359 525 solitum
381 481 561 547 paremque
589 463 709 526 ceteris
741 460 945 528 dicaturum:
979 483 1088 548 neque
1111 462 1201 526 enlm

223 563 448 651 eloquentiam
477 566 611 630 fortuna
636 564 801 649 discerni,
829 575 862 630 et
886 567 969 630 satis
993 564 1144 649 inlustre,
1166 567 1199 630 si

221 677 354 733 veteres
383 669 472 734 inter
501 670 680 753 scriptores
703 668 893 734 haberetur.
940 679 1096 754 equester
1118 668 1197 734 ordo

221 795 362 837 cuneum
386 771 581 837 Germanici
605 770 807 857 appellavit,
842 773 897 856 qui
921 773 1088 838 iuniorum
1112 773 1197 838 dice-

169 901 194 941 ro
221 875 332 958 batur,
357 878 570 963 instituitque
592 877 642 941 uti
665 885 796 942 turmae
820 875 931 940 idibus
954 875 1050 940 Iuliis
1072 877 1196 960 'imagi-

218 1001 295 1044 nem
318 981 389 1044 eius
414 989 642 1066 sequerentur.
665 978 826 1067 pleraque
853 989 1006 1044 manent:
1031 979 1195 1064 quaedam

219 1084 335 1147 statim
357 1085 481 1148 omissa
504 1093 583 1148 sunt
606 1093 665 1147 aut
687 1092 839 1148 vetustas
864 1082 1086 1148 oblitteravit.

320 1186 371 1252 84.
404 1185 562 1252 Ceterum
595 1188 725 1251 recenti
754 1186 863 1252 adhuc
900 1188 1074 1252 maestitia
1104 1209 1194 1251 soror

218 1289 412 1358 Germanici
434 1291 552 1373 Livia,
576 1301 680 1376 nupta
704 1290 831 1372 Druso,
857 1290 938 1355 duos
961 1290 1070 1354 virilis
1095 1313 1193 1356 sexus

216 1395 315 1461 simul·
335 1398 438 1463 enixa
462 1403 524 1459 est.
548 1393 637 1481 quod
660 1416 772 1459 rarum
794 1393 984 1480 laetumque
1008 1396 1113 1458 etiam
1126 1385 1213 1458 mo?

217 1498 301 1565 dicis
324 1499 504 1586 penatibus
527 1507 623 1563 tanto
648 1498 773 1581 gaudio
788 1499 973 1583 principem
996 1496 1133 1578 adfecit,
1154 1507 1192 1561 ut

114 1657 117 1666 .
176 1625 189 1664 s
214 1623 282 1667 non
304 1603 542 1688 temperaverit
565 1602 646 1688 quin
669 1601 814 1666 iactaret
838 1600 928 1685 apud
949 1611 1081 1685 patres,
1104 1599 1189 1664 nulli

214 1715 293 1769 ante
321 1703 546 1770 Romanorum
579 1703 729 1768 eiusdem
764 1702 895 1784 fastigii
922 1704 994 1767 viro
1025 1705 1190 1786 geminam

214 1809 352 1894 stirpem
375 1807 518 1873 editam:
552 1829 631 1872 nam
654 1817 796 1888 cuncta,
831 1807 934 1870 etiam
956 1806 1112 1888 fortuita,
1145 1805 1189 1870 ad

213 1911 356 1994 gloriam
379 1910 544 1977 vertebat.
591 1909 651 1975 sed
673 1910 796 1996 populo
827 1907 896 1978 salt
917 1911 953 1974 in
983 1920 1131 1995 tempore
1153 1908 1189 1973 id
1246 1981 1247 2017 ,

213 2036 342 2101 quoque
366 2014 514 2079 dolorem
531 2012 619 2097 tulit,
643 2024 813 2100 tamquam
829 2023 947 2079 auctus
971 2011 1087 2078 liberis
1102 2012 1187 2078 Dru·

161 2141 186 2180 ιο
213 2140 269 2182 sus
295 2114 426 2182 domum
450 2116 646 2183 Germanici
669 2121 947 2202 magis‘urgeret.

253 2265 255 2269 -
294 2219 379 2285 ¹85:
394 2221 524 2286 Eodem
554 2243 643 2287 anno
675 2222 834 2306 gravibus
871 2230 1007 2286 senatus
1044 2220 1185 2286 decretis
1243 2237 1244 2263 ¹

208 2324 315 2390 libido
348 2315 550 2390 ¹feminarum
578 2328 727 2392 coercita
759 2337 981 2410 cautumque,
1010 2347 1052 2391 ne
1087 2347 1184 2411 quae·
1242 2331 1243 2344 ¹

209 2439 296 2494 stum
318 2443 457 2515 corporo
478 2430 606 2496 faceret
634 2432 687 2495 oui
704 2433 787 2496 auus
811 2441 870 2495 aut
892 2438 1064 2515 poteraut
1085 2431 1183 2493 mari·

208 2541 261 2597 tus
286 2553 384 2618 eques
407 2533 576 2599 Romanus
600 2534 729 2599 fuisset.
753 2557 831 2604 narn
853 2532 993 2600 Vistilia
1015 2535 1182 2619 praetoria

169 2659 182 2698 s
207 2636 335 2702 familia
360 2633 476 2721 genita
506 2638 680 2702 licentiam
710 2640 817 2724 stupri
847 2634 1090 2723 apudlaediles
1113 2636 1181 2702 vul·
1238 2671 1239 2675 =

208 2751 358 2823 gaverat,
382 2760 474 2804 more
498 2743 586 2806 inter
601 2753 733 2806 veteres
757 2742 984 2827 recepto,.qui
1007 2741 1091 2805 satis
1108 2761 1179 2825 poe·
1237 2747 1238 2757 ’

206 2865 324 2908 narum
365 2842 546 2908 adversum
579 2845 758 2929 inpudicas
784 2847 833 2909 ¹in
868 2847 942 2930 ipsa
975 2843 1179 2929 professione

205 2944 332 3028 flagitii·
349 2945 545 3011 credebant.
576 2957 734 3012 exactum
757 2956 789 3011 et
818 2969 838 3011 a
861 2944 988 3013 Titidio
1010 2945 1178 3026 Labeone,
1234 2969 1235 3005 l

205 3046 363 3113 Vistiliae
394 3052 533 3132 marito,
568 3074 628 3115 cur
656 3052 689 3114 in
712 3072 818 3116 uxore
853 3049 969 3115 delicti
1001 3050 1176 3115 manifesta
1231 3097 1233 3170 ,

155 3172 180 3210 10
205 3149 366 3215 ultionem
388 3150 483 3234 legis
504 3154 681 3217 omisisset.
720 3160 822 3238 atqua
853 3152 909 3218 illo
938 3154 1176 3237 praetendente
1231 3175 1232 3178 ¹

206 3256 385 3337 sexaginta
421 3255 492 3320 dies
527 3257 571 3321 ad
604 3256 867 3322 consultandum
901 3256 998 3322 datos
1038 3257 1175 3323 necdum

204 3358 415 3440 praeterisse,
439 3361 523 3422 satis
538 3361 648 3425 visum
672 3360 712 3425 de
728 3359 868 3426 Vistilia
885 3369 1051 3444 statuere3
1075 3381 1173 3447 eaque

204 3458 239 3519 in
262 3457 407 3523 insulam
423 3457 585 3545 Seriphon
601 3463 719 3529 abdita
744 3473 805 3530 est.
829 3476 942 3531 actum
958 3477 990 3530 et
1015 3465 1056 3530 de
1073 3465 1172 3530 sacris

204 3556 382 3643 Aegyptiis
405 3558 618 3649 ludaioisque
641 3565 805 3651 pellendis
830 3569 1021 3656 factumque
1044 3577 1170 3654 patrum
