2530 4084
217 311 277 376 128
414 363 422 376 ,
543 308 717 359 convnnu
735 306 857 357 raerrr

215 501 293 586 quin
316 498 422 564 multa
447 509 479 564 et
496 499 630 564 diversa
655 499 888 579 miscerentur,
913 496 1020 562 donec
1042 496 1085 562 L.
1105 495 1200 561 Sulla
1250 482 1251 499 ¹

216 603 364 668 dictator
385 602 521 667 abolitis
537 602 592 666 vel
615 602 788 666 conversis
804 600 981 687 prioribus,
1005 621 1083 666 cum
1099 599 1201 686 plura

163 727 188 766 15
218 706 417 789 addidisset,
442 708 546 771 otium
570 707 640 770 eius
664 706 714 770 rei
729 703 821 769 haud
844 705 879 768 in
894 704 1033 788 longum
1047 704 1201 790 paravit,

216 812 332 877 statim
355 809 500 876 turbidis
524 808 647 895 Lepidi
671 808 923 892 rogationibus,
952 829 1060 892 neque
1091 806 1201 872 multo

215 924 292 998 post
323 912 468 978 tribunis
497 911 634 978 reddita
663 911 803 976 licentia
833 932 963 997 quoquo
987 909 1120 976 vellent
1145 933 1201 996 po-

215 1016 329 1102 pulum
356 1015 523 1099 agitandi.
569 1016 702 1101 iamque
731 1036 799 1079 nou
828 1014 927 1079 modo
951 1017 985 1078 iu
1009 1035 1200 1096 commune,

218 1119 277 1184 sed
299 1121 333 1183 in
358 1117 509 1202 singulos
532 1118 682 1184 homines
706 1117 799 1183 latae
815 1119 1042 1203 quaestiones,
1066 1127 1103 1182 et
1127 1140 1202 1183 cor·

165 1244 190 1284 20
217 1224 412 1308 ruptissima
435 1220 630 1306 republica
654 1219 818 1307 plurimae
841 1220 945 1304 leges.

320 1325 373 1392 28.
397 1326 482 1390 Tum
505 1323 565 1390 On.
588 1325 780 1411 Pompeius,
815 1327 953 1390 tertium
982 1324 1102 1390 consul
1127 1347 1202 1390 cor·

217 1429 367 1513 rigandis
397 1429 544 1494 moribus
569 1427 736 1513 delectus,
771 1427 831 1492 sed
859 1429 998 1511 gravior
1026 1429 1201 1509 remediiS,

217 1555 318 1620 quam
342 1530 466 1598 delicta
490 1540 596 1615 erant,
623 1554 821 1618 suarumque
836 1531 950 1615 legum
973 1541 1094 1598 auctor
1112 1532 1202 1597 idem

218 1659 258 1700 ac
283 1635 472 1719 subversor,
495 1658 582 1723 quae
606 1637 707 1700 armis
731 1635 908 1719 tuebatur,
939 1635 1041 1699 armis
1071 1637 1201 1700 amisit.

179 1760 192 1799 s
219 1741 309 1806 exim
331 1741 492 1805 continua
520 1762 580 1825 per
602 1740 726 1822 viginti
757 1761 864 1803 anuos
894 1738 1084 1820 discordia,
1133 1761 1201 1804 non

218 1865 299 1927 mos,
322 1865 389 1908 nou
413 1844 482 1926 ius,
507 1842 687 1909 deterrima
710 1864 861 1928 quaeque
884 1843 1008 1927 inpune
1032 1865 1073 1907 ac
1090 1843 1201 1908 multa

218 1949 360 2014 honesta
384 1948 487 2012 exitio
510 1947 612 2012 fuere.
637 1955 732 2012 sexto
757 1946 889 2012 demum
912 1945 1093 2013 consulatu
1117 1945 1202 2012 an-

219 2075 276 2118 sar
298 2049 481 2134 Augustus,
504 2051 677 2135 potentiae
701 2071 848 2133 securus,
872 2073 958 2136 quae
981 2052 1202 2118 triumviratu

219 2157 365 2220 iusserat
389 2153 538 2219 abolevit
563 2152 721 2239 deditque
745 2155 829 2233 iura,
852 2156 926 2240 quis
949 2175 1035 2239 pace
1060 2165 1094 2220 et
1110 2157 1202 2241 priu-

168 2276 193 2315 10
220 2261 294 2344 cipe
315 2266 493 2323 uteremur.
518 2258 651 2322 acriora
674 2279 717 2321 ex
740 2278 778 2321 eo
802 2255 932 2339 vincla,
962 2256 1065 2322 inditi
1088 2269 1201 2324 custo·

221 2364 278 2429 dea
310 2371 342 2428 et
371 2362 447 2446 lege
468 2362 575 2448 Papia
603 2361 760 2448 Poppaea
787 2364 947 2447 praemiis
978 2361 1131 2445 inducti,
1155 2373 1201 2444 ut,

222 2469 249 2532 si
272 2490 293 2531 a
315 2464 503 2552 privilegiis
525 2473 704 2550 parentum
726 2474 928 2549 cessaretur,
956 2465 1050 2530 velut
1073 2487 1201 2551 parens

221 2571 368 2636 omnium
388 2567 530 2654 populus
553 2569 715 2632 vacantia
744 2578 884 2633 teneret.
932 2567 992 2633 sed
1015 2567 1123 2634 altius
1146 2592 1201 2655 pe-

220 2671 402 2739 netrabant
431 2671 612 2757 urbemque
643 2682 675 2738 et
697 2671 835 2738 Italiam
866 2683 899 2738 et
933 2672 1023 2759 quod
1056 2695 1202 2760 usquam

170 2794 194 2833 1⁵
221 2779 345 2842 civium
378 2777 625 2861 corripuerant,
659 2773 904 2861 multorumque
941 2777 1047 2842 excisi
1077 2785 1200 2841 status.

222 2891 255 2947 et
278 2892 386 2947 terror
421 2880 574 2945 omnibus
609 2878 859 2961 intentabatur,
889 2882 925 2945 ni
947 2879 1106 2945 Tiberius
1131 2890 1199 2946 sta·

222 2984 347 3049 tuendo
376 2982 523 3048 remedio
554 2985 700 3069 quinque
729 2983 973 3065 consularium,
1004 2985 1154 3070 quinque
1184 3009 1201 3048 e

220 3089 410 3175 praetoriis,
433 3087 575 3152 totidem
599 3111 615 3152 e
639 3096 752 3153 cetero
776 3097 897 3152 senatu
920 3097 1009 3152 sorte
1033 3086 1200 3170 duxisset,

223 3191 314 3279 apud
336 3212 419 3277 quos
444 3190 590 3257 exsoluti
612 3189 764 3277 plerique
787 3189 874 3274 legis
898 3213 1007 3256 nexus
1030 3189 1198 3256 modicum

171 3314 196 3354 2⁰
222 3298 257 3361 in
280 3317 441 3381 praeseus
464 3293 690 3360 levamentum
713 3295 815 3360 fuere.

326 3397 377 3462 29.
400 3397 465 3462 Per
487 3396 577 3462 idem
599 3407 728 3482 tempus
751 3397 918 3463 Neronem
941 3420 958 3462 e
981 3397 1098 3463 liberis
1116 3396 1197 3464 Ger-

224 3502 366 3584 manici,
401 3501 469 3564 iam
502 3501 691 3583 ingressum
725 3502 913 3584 iuventam,
948 3500 1197 3568 commendavit

224 3602 395 3687 patribus,
428 3609 530 3685 utque
552 3624 688 3667 munere
716 3603 914 3687 capessendi
938 3604 1193 3686 vigintiviratus
