2500 4084
217 305 278 372 190
443 312 447 322 ·
512 312 516 322 ·
542 303 717 356 conurnu
735 306 858 358 rscrrr

207 495 449 562 Termestinae.
472 498 502 562 is
525 505 715 583 praetorem
737 498 935 583 provinciae
949 496 998 562 'L.
1020 497 1193 578 Pisonem,

207 622 292 686 pace
315 601 537 684 incuriosum,
567 623 611 667 ex
639 601 810 686 inproviso
839 601 874 666 in
896 601 1018 667 itinere
1048 600 1193 666 adortus

169 720 182 759 ⁵
208 725 275 770 uno
309 704 449 770 vulnere
484 707 519 770 in
551 715 694 770 mortem
728 703 870 788 adfecit3
905 727 946 770 ac
985 706 1193 791 pernicitate

208 809 283 892 equi
305 808 476 894 profugus,
499 819 679 895 postquam
702 808 870 876 saltuosos
892 807 985 875 locos
1009 810 1191 891 attigerat,

209 910 347 976 dimisso
372 933 455 998 equo
471 933 531 998 per
547 911 690 998 derupta
707 913 835 977 atavia
852 911 1023 998 sequentis
1048 913 1193 976 frustra-

207 1023 262 1078 tus
286 1023 347 1079 est.
376 1037 484 1101 neque
508 1013 566 1080 diu
589 1013 726 1081 fefellit:
755 1037 836 1083 nam
864 1037 986 1101 prenso
1018 1015 1192 1102 ductoque

206 1138 267 1203 per
296 1118 467 1203 proximos
494 1138 602 1204 pagos
630 1140 731 1205 equo,
760 1119 856 1184 cuius
885 1120 972 1184 foret
1001 1119 1188 1203 cognitum.

154 1239 182 1278 ro
210 1228 243 1284 et
265 1229 418 1306 repertus
442 1243 517 1287 cum
540 1224 717 1288 tormentis
742 1221 842 1288 edere
865 1223 1018 1288 conscios
1036 1223 1193 1307 adigere-

208 1333 278 1406 tur,
303 1345 385 1390 voce
408 1346 533 1410 magna
549 1347 711 1391 ¹sermone
732 1327 845 1411 patrio
875 1326 1002 1391 frustra
1026 1349 1064 1392 se
1087 1328 1192 1392 inter-

207 1429 322 1510 rogari
345 1427 552 1494 clamitavit:
575 1429 782 1496 adsisterent
805 1431 888 1495 socii
911 1451 952 1494 ac
977 1439 1192 1516 spectarent3

207 1529 336 1596 nullam
356 1534 426 1597 vim
448 1541 580 1599 tantam
605 1532 730 1599 doloris
753 1534 841 1618 fore,
865 1542 902 1598 ut
926 1535 1109 1600 veritatem
1134 1533 1191 1598 eli-

208 1644 309 1699 ceret.
334 1634 489 1721 idemque
512 1657 589 1702 cum
611 1645 747 1722 postero
771 1636 817 1702 ad
833 1638 1067 1723 quaestionem
1082 1646 1191 1704 retra·

156 1757 181 1797 ιι
208 1738 357 1820 heretur,
393 1761 431 1803 eo
460 1741 536 1804 uisu
566 1741 732 1827 proripuit
757 1762 792 1804 se
816 1738 1013 1806 custodibus
1038 1762 1192 1827 saxoque

208 1851 309 1928 caput
332 1842 482 1927 adflixit,
514 1845 692 1910 utstatim
721 1846 982 1913 exanimaretur.
1027 1843 1090 1910 sed
1112 1844 1191 1910 Piso

207 1947 492 2014 Termestinorum
516 1946 592 2013 dolo
615 1969 736 2013 caesus
759 1947 921 2032 habetur3
944 1948 1068 2033 quippe
1090 1967 1192 2032 pecu·

208 2052 283 2116 nias
307 2074 325 2115 e
347 2050 483 2138 publico
508 2052 713 2136 interceptas
737 2053 850 2116 acrius
881 2072 982 2139 quam
1004 2060 1044 2115 ut
1066 2050 1191 2117 tolera-

207 2163 283 2219 rent
305 2153 445 2220 barbari
468 2153 623 2239 cogebat.

310 2255 361 2322 46.
384 2256 530 2323 Lentulo
555 2255 733 2324 Gaetulico
756 2257 792 2324 0.
816 2257 966 2325 Calvisio
990 2257 1192 2325 consulibus

167 2407 170 2414 ·
209 2362 348 2428 decreta
371 2361 532 2447 triumphi
547 2363 697 2446 insignia
712 2364 867 2449 Poppaeo
886 2361 1012 2428 Sabino
1035 2364 1193 2428 contusis

208 2464 396 2532 Thraecum
420 2464 587 2549 gentibus,
612 2467 669 2549 qui
692 2467 854 2538 montium
879 2464 980 2531 editis
998 2465 1071 2531 sine
1094 2465 1192 2530 cultu

208 2579 310 2657 atque
340 2591 378 2635 eo
407 2569 552 2635 ferocius
576 2568 768 2653 agitabant.
814 2591 918 2634 causa
947 2578 1060 2634 motus
1090 2590 1193 2655 super

169 2694 182 2734 s
208 2674 379 2739 hominum
401 2676 584 2758 ingenium,
609 2673 699 2759 quod
719 2675 793 2760 pati
817 2672 960 2739 dilectus
989 2685 1022 2738 et
1047 2671 1191 2738 validis·

210 2779 330 2843 simum
352 2798 516 2865 quemque
538 2776 682 2843 militiae
697 2787 836 2843 nostrae
860 2777 942 2843 dare
958 2775 1191 2862 aspernaban-

208 2889 278 2963 tur,
312 2904 356 2945 ne
387 2879 525 2964 regibus
561 2880 696 2966 quidem
723 2902 844 2966 parere
872 2881 938 2945 nisi
968 2901 1012 2944 ex
1044 2878 1191 2944 libidine

210 2982 310 3067 soliti,
334 2993 393 3048 aut
417 2985 446 3048 si
461 2985 635 3051 mitterent
651 2981 791 3066 auxilia,
816 3005 893 3048 suos
918 2983 1077 3048 ductores
1092 3005 1190 3068 prae-

207 3085 308 3152 ficere
331 3108 393 3152 neo
416 3087 483 3152 nisi
506 3086 687 3153 adversum
717 3085 854 3153 accolas
885 3084 1102 3170 belligerare.
1150 3109 1189 3152 ac

155 3213 181 3251 ro
207 3198 279 3255 tum
302 3211 415 3257 rumor
437 3192 626 3256 incesserat
649 3192 778 3257 forent
802 3190 937 3256 disiecti
961 3187 1108 3276 aliisque
1129 3212 1189 3256 na-

208 3292 359 3359 tionibus
386 3295 547 3379 permixti
575 3294 728 3360 diversas
755 3295 792 3359 in
821 3303 933 3360 terras
963 3292 1188 3362 traherentur.

209 3394 270 3460 sed
304 3405 486 3482 antequam
519 3419 613 3462 arma
654 3397 858 3483 inciperent,
892 3397 1014 3462 misere
1054 3397 1187 3480 legatos

210 3497 396 3564 amicitiam
411 3499 673 3586 obsequiumque
694 3510 947 3584 memoratores,
972 3510 1004 3565 et
1027 3521 1186 3566 mansura

210 3598 308 3681 haec,
343 3601 372 3664 si
407 3598 499 3665 nullo
528 3623 615 3667 novo
645 3623 745 3668 onere
773 3611 1037 3688 temptarentur:
1068 3604 1122 3672 sin
1151 3613 1187 3670 ut
