2500 4084
227 325 290 389 212
557 326 730 378 ooausnu
749 327 871 378 nactur

227 532 436 620 honoresque
451 537 630 600 memoriae
647 537 716 602 eius
741 535 784 601 ab
801 545 921 601 senatu
937 533 1033 621 large
1051 536 1205 603 decretos

187 649 200 686 ⁵
226 638 322 722 quasi
350 659 411 724 per
437 639 637 704 modestiam
666 640 848 723 imminuit,
877 641 996 726 paucis
1025 640 1206 706 admodum

224 742 369 828 receptis
392 751 426 808 et
449 742 577 826 addito,
600 767 643 808 ne
667 741 824 808 caelestis
853 742 973 826 religio
1008 743 1206 810 decernere-

227 853 296 909 tur:
326 845 374 910 sic
403 847 510 932 ipsam
537 845 706 912 maluisse.
751 848 832 934 quin
860 857 894 911 et
923 857 1020 933 parte
1053 848 1205 914 eiusdem

225 947 390 1032 epistulae
406 951 571 1036 increpuit
588 951 756 1016 amicitias
771 949 962 1033 muliebres,
977 951 1113 1017 Fufium
1129 973 1206 1015 con·

229 1049 333 1116 sulem
367 1052 500 1139 oblique
532 1055 773 1139 perstringens.
818 1055 846 1117 is
877 1055 989 1137 gratia
1027 1054 1205 1140 Augustae

173 1168 198 1208 1⁰
223 1153 397 1238 floruerat,
443 1167 541 1243 aptus
584 1155 786 1222 adliciendis
830 1155 1028 1222 feminarum
1073 1158 1204 1238 animis,

225 1256 326 1322 dicax
360 1258 449 1325 idem
477 1271 510 1326 et
532 1259 703 1326 Tiberium
730 1257 864 1326 acerbis
893 1259 1028 1326 facetiis
1059 1261 1203 1327 inridere

223 1359 352 1445 solitus,
377 1382 518 1447 quarum
541 1363 631 1449 apud
657 1372 893 1449 praepotentes
918 1364 951 1429 in
974 1364 1113 1448 longum
1140 1386 1202 1428 me·

227 1466 333 1530 moria
357 1475 418 1531 est.

325 1567 355 1632 3.
380 1566 536 1635 Ceterum
565 1594 608 1635 ex
639 1592 677 1634 eo
707 1579 888 1656 praerupta
919 1571 986 1634 iam
1016 1580 1050 1635 et
1079 1591 1201 1655 urgens

224 1670 425 1738 dominatio:
447 1695 526 1738 nam
551 1672 710 1738 incolumi
727 1673 882 1756 Augusta
906 1682 979 1738 erat
994 1673 1108 1739 adhuc
1131 1695 1200 1760 per·

222 1774 361 1859 fugium,
385 1779 463 1862 quia
479 1777 614 1843 Tiberio
631 1779 856 1843 inveteratum
880 1797 961 1861 erga
978 1787 1123 1842 matrem
1148 1774 1200 1839 ob-

224 1881 390 1964 sequium,
424 1904 531 1967 neque
561 1879 702 1946 Seianus
735 1880 882 1946 audebat
916 1881 1117 1946 auctoritati
1146 1900 1199 1964 pa·
1239 1911 1240 1960 p

183 1997 194 2035 ⁵
223 1984 329 2048 rentis
353 1985 480 2051 antire:
509 1994 590 2052 tuno
613 1984 706 2050 velut
736 1986 839 2050 frenis
868 1983 1014 2050 exsoluti
1044 2004 1199 2070 prorupe·
1239 1983 1240 2013 ³

222 2095 311 2167 runt,
335 2088 524 2173 missaeque
547 2089 581 2153 in
605 2087 830 2174 Agrippinam
853 2110 893 2152 ac
915 2087 1084 2152 Neronem
1106 2085 1194 2149 litte-

221 2211 289 2271 rae,
313 2210 396 2274 quas
419 2191 550 2274 pridem
573 2189 708 2256 adlatas
733 2201 766 2254 et
789 2189 955 2255 cohibitas
979 2189 1024 2255 ab
1047 2189 1198 2272 Augusta
1238 2241 1239 2248 ,

222 2292 367 2357 credidit
401 2292 538 2376 vulgus:
573 2293 664 2359 haud
699 2295 788 2358 enim
821 2290 926 2358 multo
955 2301 1031 2378 post
1060 2302 1197 2356 mortem
1238 2357 1239 2362 ,

223 2396 293 2459 eius
309 2397 474 2461 recitatae
498 2407 586 2462 sunt.
609 2395 715 2462 verba
739 2397 873 2460 inerant
895 2396 1051 2481 quaesita
1074 2394 1197 2480 asperi·
1238 2413 1239 2471 t

169 2511 195 2552 10
225 2506 313 2562 tate:
337 2499 485 2564 sednon
509 2522 613 2584 arma,
636 2522 703 2578 non
726 2522 836 2564 rerum
857 2521 1019 2565 novarum
1044 2499 1198 2576 studium,

221 2622 350 2667 amores
385 2605 543 2670 iuvenum
577 2614 610 2670 et
640 2603 875 2691 inpudicitiam
904 2605 1017 2689 nepoti
1053 2601 1197 2668 obiecta·

220 2703 290 2769 bat.
315 2706 349 2770 in
372 2729 491 2772 nurum
512 2729 554 2772 ne
576 2707 613 2772 id
635 2705 769 2792 quidem
792 2705 985 2789 confingere
1007 2728 1122 2792 ausus,
1146 2705 1197 2773 ad·
1237 2757 1238 2794 ,

221 2811 412 2892 rogantium
433 2812 500 2874 oris
531 2819 563 2875 et
591 2819 823 2875 contumacem
850 2811 997 2874 animum
1019 2811 1195 2888 incusavit,

221 2932 343 2995 magno
375 2923 511 2979 senatus
542 2935 666 3000 pavore
691 2935 730 2980 ac
763 2911 913 2995 silentio,
949 2911 1056 2979 donec
1090 2915 1195 3000 pauci,

170 3031 195 3068 ιτ»
221 3015 295 3099 quis
319 3014 412 3080 nulla
437 3037 480 3082 ex
501 3016 642 3082 honesto
672 3037 746 3100 spes
777 3017 822 3096 (et
844 3013 982 3100 publica
1013 3014 1106 3082 mala
1137 3019 1195 3082 sin·

220 3116 307 3200 gulis
332 3119 366 3182 in
396 3121 609 3187 occasionem
636 3120 768 3203 gratiae
797 3115 1004 3201 trahuntur),
1033 3130 1071 3185 ut
1101 3119 1195 3186 reler-
1236 3155 1237 3208 p

219 3229 312 3284 retur
338 3221 567 3307 postulavere,
602 3224 849 3310 promptissimo
879 3221 980 3287 Cotta
1014 3221 1194 3290 Messalino

221 3345 296 3387 cunr
320 3328 427 3390 atroci
453 3329 631 3390 sententia.
675 3325 733 3390 sed
762 3325 838 3391 aliis
862 3348 882 3390 a
908 3326 1109 3411 primoribus
1133 3353 1193 3396 ma·

222 3427 376 3510 ximeque
419 3450 439 3490 a
476 3429 733 3512 magistratibus
777 3427 1027 3514 trepidabatur:
1078 3435 1193 3519 quippe

171 3542 196 3580 no
223 3524 378 3592 Tiberius
421 3533 485 3593 etsi
523 3532 652 3598 infense
689 3534 844 3598 inventus
882 3542 995 3599 cetera
1040 3534 1193 3620 ambigua
1235 3571 1236 3576 κ

220 3627 412 3713 reliquerat.
