2500 4084
214 289 277 356 206
519 320 528 330 --
541 287 714 346 sonnnnn
733 288 855 374 rnssrr
930 351 936 376 ,k

164 511 188 552 ιο
214 491 320 564 turus,
343 479 476 554 domum
492 488 526 550 et
541 481 576 549 in
592 479 783 554 oubioulum
799 481 919 566 trabit3
941 485 1198 569 praeteritaque
1240 505 1242 570 l

214 594 248 650 et
270 585 446 666 instantia,
470 606 609 672 quorum
632 583 776 654 adfatim
799 587 909 672 eopia,
932 610 974 654 ao
999 609 1114 654 novos
1138 595 1200 652 ter·

214 710 306 754 rores
323 687 480 762 cumulat.
498 687 616 757 eadem
631 686 689 754 ille
706 698 738 755 et
756 690 892 773 diutius,
910 701 1037 777 quanto
1054 699 1201 772 maesta,

214 792 272 858 ubi
296 791 397 858 semel
419 813 616 878 prorupere,
641 790 813 862 difficilius
836 794 1036 862 reticentur.
1083 816 1203 882 props-

214 905 289 962 reta
313 893 392 960 iude
408 896 594 978 accusatio,
610 897 789 983 missisque
811 895 856 962 ad
872 896 1058 968 Caesarem
1075 899 1204 966 litteris

161 1031 185 1070 1⁵
213 993 364 1066 ordinem
391 997 521 1064 fraudis
545 1021 706 1086 suumque
736 1001 800 1085 ipsi
830 1001 978 1072 dedecus
1003 1025 1204 1070 narravere.

214 1124 280 1167 non
304 1101 390 1168 alias
413 1104 522 1186 magis
545 1103 649 1168 anxia
673 1112 708 1170 et
730 1124 861 1188 pavens
883 1105 1022 1188 civitas,
1047 1108 1203 1174 reticens

215 1206 394 1274 adversum
415 1208 603 1293 proximos3
625 1227 843 1291 congressus,
868 1209 1068 1296 conloquia,
1099 1219 1202 1276 notae

215 1312 418 1397 ignotaeque
434 1333 532 1379 aures
548 1311 666 1395 vitari3
689 1312 792 1378 etiam
807 1320 901 1378 muta
917 1321 1020 1401 atque
1036 1314 1201 1393 inanima,

217 1424 343 1482 tectum
366 1423 399 1480 et
421 1416 568 1500 parietes
592 1413 973 1501 circumspectabantur.

184 1589 187 1597 Δ
323 1516 373 1584 70.
408 1516 477 1584 Sed
511 1516 638 1586 Caesar
679 1517 855 1587 sollemnia
889 1521 1085 1608 insipientis
1121 1523 1201 1590 anni

218 1621 377 1690 kalendis
401 1621 570 1689 Ianuariis
595 1620 928 1708 epistulapreeatus,
951 1627 1057 1693 vertit
1081 1627 1117 1693 in
1143 1625 1200 1692 Sa·

218 1729 350 1811 binum,
380 1735 553 1812 corruptos
584 1725 747 1812 quosdam
774 1725 972 1795 libertorum
999 1739 1035 1796 et
1056 1733 1201 1817 petitum

220 1855 255 1898 se
285 1851 445 1915 arguens,
474 1828 701 1915 ultionemque
728 1828 821 1896 haud
856 1829 996 1896 obseure
1025 1834 1199 1920 poscebat

179 1964 191 2005 s
218 1955 280 2001 neo
303 1956 397 2004 mora
429 1934 509 2020 quin
534 1933 786 2016 decerneretur3
815 1943 848 2001 et
876 1934 1078 2004 trahebatur
1106 1937 1201 2006 darn·

219 2046 332 2121 natus,
355 2046 517 2124 quantum
540 2034 689 2102 obducta
712 2045 807 2102 veste
838 2046 871 2101 et
894 2036 1070 2106 adstrictis
1094 2041 1199 2110 lauci-

219 2142 284 2208 bus
311 2142 374 2207 niti
408 2133 558 2226 poterat,
592 2139 772 2208 clamitans
803 2141 851 2206 sio
883 2142 1036 2209 inchoari
1064 2167 1199 2223 annum,

221 2245 282 2312 has
299 2243 421 2312 Seiano
437 2244 594 2310 victimas
613 2243 746 2313 eadere.
771 2266 835 2331 quo
852 2245 1055 2312 intendisset
1074 2248 1198 2326 oeulos,

221 2371 285 2436 quo
308 2347 412 2418 verba
436 2347 641 2431 acciderent,
665 2348 747 2432 fuga
769 2348 926 2432 vastitas,
950 2345 1060 2415 deseri
1077 2352 1199 2418 itinera

168 2484 193 2523 ιο
221 2454 305 2520 fora.
330 2462 363 2518 et
386 2450 524 2539 quidam
546 2450 828 2534 regrediebantur
851 2452 1144 2540 ostentabantque
1167 2478 1199 2520 se

221 2579 361 2639 rursum,
386 2555 421 2622 id
444 2557 552 2641 ipsum
575 2565 747 2642 paventes,
772 2555 862 2640 quod
877 2557 1079 2624 timuissent.
1105 2581 1200 2646 quern

222 2662 309 2726 enim
335 2659 422 2726 diem
437 2681 580 2728 vaenum
601 2681 721 2745 poena,
744 2656 802 2726 ubi
825 2660 914 2726 inter
928 2680 1027 2730 saara
1051 2672 1087 2728 et
1111 2674 1198 2744 vota,

222 2786 286 2850 quo
311 2773 459 2848 tempore
483 2761 594 2828 verbis
626 2762 729 2830 etiam
757 2762 909 2848 profanis
939 2762 1108 2832 abstineri
1131 2790 1198 2832 mos

223 2876 329 2950 osset,
352 2865 468 2932 vinela
492 2876 526 2932 et
554 2865 693 2952 laqueus
724 2865 953 2935 inducantur?
986 2889 1052 2933 non
1090 2871 1198 2957 inpru-

172 3000 196 3042 ιε
224 2971 359 3038 dentem
397 2969 568 3038 Tiberium
608 2977 740 3036 tantam
774 2969 938 3036 invidiam
972 2969 1105 3056 adisse,
1143 2972 1199 3038 sed

223 3076 414 3163 quaesitum
436 3073 711 3160 meditatumque,
734 3094 777 3137 ne
801 3070 881 3158 quid
904 3072 1067 3160 impedire
1084 3075 1198 3144 ereda-

223 3190 286 3261 tur‚
321 3199 385 3266 quo
414 3179 523 3246 minus
552 3177 631 3242 novi
653 3176 893 3260 magistratus,
921 3197 985 3263 quo
1014 3176 1118 3244 modo
1149 3178 1198 3246 de·

222 3283 319 3351 lubra
344 3291 377 3350 et
400 3281 541 3362 altaria,
573 3282 622 3346 sio
645 3301 817 3347 oeroerem
840 3278 1028 3348 recludant.
1065 3291 1198 3350 secutae

224 3388 360 3470 insuper
382 3383 518 3452 litterae
541 3391 657 3472 grates
680 3385 826 3466 agentis,
850 3381 939 3468 quod
961 3383 1133 3454 homiuem
1154 3387 1196 3452 in·

171 3514 200 3553 ro
227 3487 358 3553 tansum
380 3487 430 3550 rei
452 3483 609 3569 publicae
631 3486 852 3571 punivissent,
877 3485 1011 3552 adiecto
1035 3489 1196 3574 trepidum

226 3587 291 3651 sibi
319 3589 440 3667 vitam,
475 3597 648 3670 suspectas
680 3589 890 3654 inimieorum
920 3588 1080 3674 insidias,
1110 3592 1192 3658 nullo
1241 3619 1242 3662 l
