2534 4084
228 243 330 310 XXX
596 239 829 292 ARGUMENTA.

228 433 318 499 stula
341 434 476 498 incusat
499 429 747 497 Germanicum.
781 431 850 494 vim
877 438 977 516 parat
1009 430 1044 493 in
1068 449 1210 495 succes-

228 559 337 602 sorem
360 534 521 601 Sentium.
544 569 586 580 -
614 531 665 597 79.
689 535 723 598 in
749 531 881 599 Suriam
903 553 1047 620 pergens
1072 532 1215 599 obviam

229 640 268 705 fit
290 638 508 724 Agrippinae.
532 636 668 703 litterae
694 635 802 702 Sentii
825 637 870 702 ad
891 636 1049 702 Pisonem
1070 639 1214 704 missae.

230 781 273 790 -
296 742 347 807 80.
378 743 407 806 is
431 741 608 807 castellum
637 750 798 829 occupat,
828 742 936 806 aciem
965 742 1118 825 instruit3
1150 742 1217 806 sed

229 846 366 933 pellitur
388 868 409 910 a
433 844 560 910 Sentio.
585 881 621 890 -
648 845 699 910 81.
722 847 813 912 victo
830 853 939 911 tutum
953 846 989 908 in
1004 844 1121 911 urbem
1146 847 1218 910 iter

230 948 436 1016 conceditur.
460 983 501 994 -
525 947 576 1012 82.
600 947 649 1013 ibi
670 969 796 1032 magna
819 948 862 1014 ob
878 970 995 1014 necem
1011 945 1214 1015 Germanici

230 1055 282 1119 ira
305 1062 339 1117 et
354 1050 477 1118 luctus.
502 1087 543 1100 --
565 1048 618 1114 83.
642 1052 759 1117 eximii
780 1051 923 1117 honores
948 1053 979 1116 ei
1004 1051 1144 1118 decreti.
1169 1088 1216 1098 -

231 1155 282 1220 84.
298 1156 401 1221 Livia
416 1155 528 1221 Druso
542 1154 701 1239 gemellos
718 1157 818 1242 parit.
835 1155 870 1220 id
886 1153 931 1221 ad
947 1154 1090 1238 gloriam
1104 1158 1218 1220 vertit

230 1259 395 1325 Tiberius.
419 1293 460 1304 -
483 1255 534 1323 85.
558 1267 696 1324 senatus
722 1259 857 1325 decreta
881 1261 915 1324 in
938 1259 1115 1326 libidinem
1138 1282 1217 1324 mu-

232 1364 359 1429 lierum.
392 1361 489 1448 pulsa
521 1385 620 1428 sacra
643 1362 813 1449 Aegyptia
845 1372 878 1427 et
908 1363 1060 1430 Iudaica.
1089 1399 1132 1411 -
1157 1362 1216 1426 86.

231 1466 392 1531 Pollionis
416 1466 486 1532 filia
509 1466 659 1532 Vestalis
684 1475 785 1552 capta
807 1476 884 1552 post
907 1477 1049 1533 mortem
1072 1465 1217 1533 Occiae.

234 1607 276 1618 -
299 1569 351 1634 87.
367 1570 532 1635 frumento
548 1572 692 1657 pretium
708 1572 937 1635 constitutum.
955 1569 1110 1636 Tiberius
1127 1569 1218 1635 adu-

233 1674 395 1740 lationem
417 1682 628 1760 aspernatur.
652 1708 694 1718 -
716 1671 769 1737 88.
793 1672 964 1738 Arminius
986 1694 1126 1758 regnum
1152 1674 1219 1738 ad-

235 1779 350 1844 fectat.
375 1776 499 1843 caedes
524 1779 593 1842 eius
619 1788 652 1843 et
673 1779 900 1864 praeconium.

336 2070 412 2136 Lib.
442 2069 504 2134 ΙΙΙ.
535 2070 591 2156 qui
620 2069 855 2156 complectitur
883 2079 950 2134 tres
983 2090 1089 2134 annos
1119 2069 1219 2150 (XX.

234 2197 339 2262 usquc
362 2174 407 2239 ad
430 2173 555 2254 XXII.)
1258 2225 1259 2240 1

336 2276 418 2364 Cap.
436 2276 464 2340 1.
480 2276 669 2362 Agrippina
685 2297 761 2341 cum
782 2298 867 2342 urna
881 2275 979 2342 ferali
994 2273 1220 2342 Brundisium

235 2380 375 2467 adpellit
408 2399 597 2465 magnoque
629 2378 770 2464 planctu
804 2381 932 2465 passim
964 2381 1141 2467 excipitur.
1172 2416 1219 2426 -

235 2485 264 2547 2.
299 2484 452 2548 funerum
485 2480 671 2547 sollemnia.
704 2483 866 2569 primores
900 2481 992 2548 urbis
1035 2482 1136 2548 obvii.
1171 2520 1220 2559 ,-

235 2587 265 2651 3.
299 2585 454 2652 Tiberius
490 2596 524 2651 et
557 2584 713 2669 Augusta
746 2585 881 2673 publico
913 2583 1097 2669 abstinent,
1130 2587 1219 2652 item

235 2691 395 2772 Antonia,
418 2698 526 2754 mater
549 2686 755 2754 Germanici.
778 2725 820 2738 -
843 2687 873 2754 4.
897 2689 1059 2776 reliquiae
1081 2691 1217 2756 tumulo

235 2794 382 2878 Augusti
411 2791 548 2858 inlatae.
576 2815 709 2859 maeror
737 2792 903 2880 publicus.
932 2829 975 2838 -
1003 2793 1034 2856 5.
1057 2793 1218 2860 Tiberius

237 2908 432 2985 comparata
454 2897 559 2963 Drusi
581 2897 697 2963 fratris
720 2919 841 2985 pompa
864 2897 996 2963 funebri
1018 2920 1142 2984 parcus
1166 2901 1219 2964 vi·
1256 2913 1257 2940 ³

237 3024 294 3067 sus
329 3002 364 3065 in
398 3000 594 3067 honorando
624 2999 818 3067 Germanici
840 3001 966 3070 funere.
1004 3035 1047 3047 -
1083 3000 1218 3068 uideo

238 3114 380 3171 excusat
403 3127 439 3169 se
462 3114 495 3168 et
517 3103 674 3193 populum
704 3105 815 3170 edicto
848 3106 959 3189 erigit.
991 3141 1028 3152 -
1059 3103 1089 3169 7.
1119 3106 1218 3170 iusti-

237 3211 321 3275 tium
344 3209 511 3274 omissum.
534 3207 666 3273 Drusus
690 3208 734 3273 ad
757 3207 912 3293 Illyricos
936 3209 1107 3275 exercitus
1130 3208 1216 3274 abit.
1255 3241 1256 3252 ¹

237 3349 279 3358 —
301 3311 332 3376 8.
354 3312 432 3377 Piso
456 3311 501 3376 ad
524 3311 673 3376 Drusum
695 3313 816 3397 pergit,
840 3313 896 3397 qui
925 3333 1021 3377 omne
1045 3322 1216 3378 secretum

237 3417 335 3481 vitat.
360 3451 401 3460 —
424 3415 455 3482 8.
487 3415 565 3480 inde
593 3438 668 3481 cum
691 3413 857 3480 Plancina
885 3415 1003 3482 urbem
1025 3413 1216 3499 ingreditur

238 3518 346 3585 alacri
368 3517 474 3583 vultu.
499 3555 539 3563 -
564 3516 613 3582 10.
637 3540 716 3584 mox
739 3527 932 3585 accusatur.
955 3520 1112 3606 princeps
1136 3540 1215 3584 cau·
1254 3569 1255 3582 .
