2534 4084
228 313 277 378 Ν
601 312 823 365 rnoonnmu

329 500 368 566 In
392 523 431 566 eo
454 523 590 568 numero
615 501 654 584 Q.
683 499 811 569 Fabius
835 504 950 570 Pictor
977 504 1103 590 primus
1127 505 1209 591 fuit,

227 604 283 690 qui
306 603 482 670 historiam
504 604 548 671 ab
564 603 681 671 Aenea
704 628 807 692 usque
831 607 875 673 ad
900 630 993 674 suam
1008 609 1209 676 memoriam

228 707 380 773 tradidit.
424 710 627 795 posteriores
666 731 740 775 eum
776 712 986 796 potissimum
1030 722 1209 780 auctorem

227 813 334 878 secuti
358 814 493 878 suntin
516 815 557 878 iis
581 813 691 896 rebus,
716 837 802 900 quae
825 814 870 878 ad
892 813 1017 879 bellum
1039 815 1208 884 Punicum

228 917 411 983 secundum
444 919 662 1002 pertinerent.
708 919 803 983 ouius
837 919 907 984 fere
947 919 1098 1005 aequalis
1138 922 1206 988 fuit

226 1022 266 1086 L.
283 1020 420 1087 Cincius
436 1022 624 1088 Alimentus
641 1025 741 1104 (anno
758 1020 858 1088 CCX.
881 1023 1040 1109 praetor).
1064 1022 1122 1090 ille
1143 1047 1206 1111 pa·

226 1126 310 1190 riter
338 1149 378 1191 ao
401 1125 530 1191 Fabius
559 1147 613 1190 res
638 1136 754 1209 gestas
784 1124 827 1191 ab
858 1127 954 1191 initio
978 1126 1102 1192 Romae
1125 1151 1205 1192 nar·

226 1231 325 1295 ravit.
355 1227 496 1294 Catonis
518 1229 723 1315 temporibus
754 1250 877 1313 graece
906 1233 1111 1317 scripserunt
1133 1231 1204 1297 Au·

225 1334 277 1399 lus
300 1333 489 1399 Postumius
513 1331 657 1398 Albinus
682 1344 715 1398 et
738 1331 775 1399 C.
798 1332 928 1398 Acilius
953 1343 1099 1417 senator,
1123 1356 1205 1420 quo·

225 1461 296 1504 rum
320 1437 377 1504 ille
400 1459 488 1503 anno
513 1449 592 1504 ante
615 1435 788 1504 Christum
810 1448 927 1503 natum
943 1435 1044 1504 CLV.
1066 1448 1205 1526 praetor

227 1550 440 1627 etquattuor
467 1543 565 1606 annis
596 1551 671 1627 post
700 1540 816 1606 consul
840 1542 920 1622 fuit,
951 1541 1006 1608 hic
1036 1542 1202 1626 interpres

226 1645 414 1729 legatorum
436 1643 710 1729 Atheniensium,
734 1646 790 1731 qui
819 1666 907 1710 anno
937 1643 1037 1711 CLV.
1060 1644 1202 1710 Romam

225 1753 401 1814 venerunt.

327 1853 400 1918 Iam
429 1873 485 1920 eos
521 1851 739 1934 enumerabo,
775 1854 830 1939 qui
864 1851 983 1937 lingua
1012 1851 1120 1917 latina
1147 1853 1202 1916 usi

226 1967 303 2023 sunt
337 1955 381 2022 ad
415 1978 467 2022 res
503 1965 618 2040 gestas
651 1955 765 2044 populi
797 1955 940 2020 Romani
981 1955 1200 2022 enarrandas.

223 2059 322 2144 primi
353 2067 465 2124 autem
488 2059 658 2141 versibus,
691 2081 758 2124 non
781 2081 882 2145 prosa
911 2061 1064 2125 oratione
1093 2059 1200 2125 libros

225 2173 492 2248 composuerunt.
515 2165 685 2250 pertinent
708 2163 772 2228 huc
789 2162 851 2228 Cn.
866 2164 1026 2247 Naevius,
1050 2165 1108 2250 qui
1130 2161 1200 2228 bel-

224 2266 292 2331 lum
313 2267 476 2332 Punicum
498 2268 639 2355 primum
662 2289 727 2332 uno
743 2266 912 2332 volumine
934 2268 1058 2334 cecinit
1081 2277 1115 2332 et
1138 2267 1200 2332 sub

224 2371 322 2436 finem
347 2369 484 2435 secundi
507 2372 624 2436 Punici
648 2370 728 2436 belli
753 2371 847 2456 obiit,
870 2380 903 2436 et
919 2370 959 2452 Q.
981 2370 1111 2436 Ennius
1134 2367 1200 2434 Ru-

226 2472 290 2538 diis
320 2476 355 2538 in
385 2471 545 2539 Calabria
575 2495 663 2538 anno
687 2471 907 2538 CCXXXIX.
930 2483 1040 2556 natus,
1065 2475 1198 2558 quires

224 2586 338 2660 gestas
361 2577 586 2642 Romanorum
617 2576 733 2643 decem
762 2585 793 2640 et
825 2586 900 2642 octo
930 2576 1123 2663 complexus
1147 2588 1199 2644 est

224 2679 330 2746 libris.
354 2679 443 2745 idem
464 2680 509 2744 Μ.
526 2679 684 2746 Fulvium
699 2678 905 2747 Nobiliorem
928 2680 1097 2747 consulem
1111 2703 1199 2747 anno

223 2783 446 2850 CLXXXIX.
470 2786 504 2850 in
519 2784 690 2851 Aetoliam
702 2785 881 2850 comitatus
897 2785 1076 2856 victoriam
1099 2786 1200 2851 amici

224 2891 351 2974 insigni
374 2887 474 2954 laude
497 2887 694 2956 celebravit.

324 2995 358 3059 Is
382 3003 503 3077 autem,
528 2995 583 3079 qni
598 2996 725 3080 primus
747 2995 852 3061 multa
875 2995 1044 3061 industria
1068 3002 1100 3058 et
1125 2992 1199 3059 dili·

224 3099 340 3181 gentia
362 3096 541 3162 historiam
556 3099 708 3163 oratione
731 3121 832 3185 prosa
855 3099 1040 3184 composuit
1056 3096 1200 3182 ideoque

223 3201 320 3286 quasi
343 3199 498 3266 conditor
528 3200 690 3266 historiae
713 3201 885 3266 Romanae
907 3200 1051 3266 iudicari
1074 3208 1198 3287 potest,

222 3303 267 3367 M.
301 3303 438 3368 Porcius
474 3300 560 3368 Cato
595 3302 776 3370 Censorius
809 3305 883 3370 fuit.
927 3302 1064 3368 Tusculi
1098 3325 1200 3390 propo

222 3405 362 3472 Romam
381 3413 492 3474 natus
522 3429 610 3472 anno
639 3405 859 3473 CCXXXIV.
888 3428 993 3492 usque
1022 3407 1067 3473 ad
1090 3415 1199 3472 extre-

222 3533 310 3576 mam
340 3518 547 3576 senectutem
570 3512 673 3596 vixit3
703 3511 786 3577 obiit
815 3512 903 3577 enim
932 3531 1020 3576 anno
1044 3507 1199 3575 CXLIX.
1263 3583 1264 3588 ἵ

223 3616 288 3682 iam
313 3637 416 3682 senex
438 3614 598 3682 historias
616 3615 764 3681 scribere
788 3615 946 3700 instituit,
970 3637 1052 3701 quas
1071 3623 1200 3700 septem
