2552 4084
279 325 325 376 AB
345 323 506 377 EXOESSU
525 319 683 373 AUGUSTI
702 320 722 370 1.
742 321 852 372 59-62.
975 359 977 366 ,
1014 321 1055 383 43

68 512 192 600 procul
215 511 497 596 Teutoburgiensi
520 511 619 595 saltu,
643 513 677 576 in
701 533 764 598 quo
787 512 950 599 reliquiae
971 513 1056 578 Vari

69 616 312 701 legionumque
334 615 524 701 insepultae
548 615 757 681 dicebantur.

179 718 232 783 61.
255 719 364 803 Igitur
387 718 509 804 cupido
533 717 715 785 Caesarem
738 719 872 784 invadit
901 718 1055 784 solvendi

70 846 233 911 suprema
242 821 406 888 militibus
420 822 572 909 ducique,
587 833 737 908 permoto
750 823 796 888 ad
806 825 1057 888 miserationem

72 929 168 993 omni
190 928 247 1012 qui
277 925 397 992 aderat
422 928 575 992 exercitu
603 925 644 991 ob
674 929 889 1013 propinquos,
918 929 1055 1009 amicos,

74 1031 223 1116 denique
256 1030 299 1096 ob
333 1052 433 1095 casus
469 1029 632 1095 bellorum
661 1038 694 1096 et
724 1039 849 1096 sortem
876 1029 1056 1096 hominum.

71 1135 262 1220 praemisso
286 1131 444 1217 Caecina,
467 1141 504 1198 ut
528 1131 662 1198 occulta
678 1132 824 1198 saltuum
847 1143 1055 1198 scrutaretur
1082 1151 1095 1190 ⁵

73 1247 261 1323 pontesque
285 1247 317 1302 et
333 1259 477 1322 aggeres
500 1236 612 1302 umido
635 1236 797 1323 paludum
819 1247 853 1302 et
875 1236 1056 1303 fallacibus

74 1343 205 1426 campis
231 1343 414 1426 inponeret,
440 1339 600 1406 incedunt
623 1349 771 1404 maestos
800 1339 892 1404 locos
915 1341 1056 1424 visuque

75 1467 117 1509 ac
139 1446 301 1510 memoria
325 1445 492 1511 deformis.
515 1446 624 1531 prima
647 1445 731 1509 Vari
756 1455 871 1509 castra
893 1443 964 1507 lato
988 1465 1056 1507 am-

74 1547 151 1613 bitu
174 1558 207 1613 et
231 1547 390 1613 dimensis
414 1549 591 1635 principiis
620 1548 720 1613 trium
745 1547 915 1631 legionum
937 1568 1056 1611 manus

77 1649 314 1735 ostentabant3
338 1651 415 1716 dein
439 1654 597 1717 semiruto
620 1651 720 1734 vallo,
744 1648 861 1715 humili
883 1649 975 1716 fossa
1001 1671 1056 1714 ac·
1084 1665 1108 1705 1⁰

75 1757 170 1820 cisae
194 1756 261 1820 iam
277 1755 438 1840 reliquiae
455 1755 650 1820 consedisse
666 1752 967 1837 intellegebantur:
990 1775 1056 1819 me·

76 1859 132 1924 dio
157 1860 269 1944 campi
282 1858 433 1924 albentia
450 1861 543 1944 ossa,
554 1870 591 1926 ut
606 1860 775 1943 fugerant,
797 1866 833 1923 ut
849 1860 1056 1941 restiterant,

76 1963 223 2028 disiecta
246 1962 300 2027 vel
324 1973 499 2047 aggerata.
544 1961 750 2028 adiacebant
784 1962 952 2044 fragmina
976 1959 1057 2025 telo-

75 2089 150 2131 rum
175 2087 398 2154 equorumque
414 2077 518 2149 artus,
543 2065 640 2130 simul
663 2067 793 2130 truncis
817 2063 981 2130 arborum.
999 2085 1057 2128 an·

76 2171 183 2236 tefixa
208 2193 276 2236 ora.
300 2171 385 2238 lucis
414 2172 609 2258 propinquis
637 2170 806 2235 barbarae
837 2191 933 2252 arae,
968 2167 1058 2253 apud
1085 2179 1109 2219 1⁵

77 2297 162 2360 quas
197 2273 349 2340 tribunos
380 2296 421 2340 ac
447 2277 629 2360 primorum
660 2273 814 2338 ordinum
843 2272 1057 2336 centuriones

75 2388 322 2443 mactaverant.
369 2388 401 2443 et
430 2377 539 2444 cladis
564 2379 636 2442 eius
666 2373 880 2462 superstites,
910 2395 1059 2460 pugnam

77 2491 136 2546 aut
153 2481 291 2546 vincula
309 2481 425 2567 elapsi,
449 2481 642 2546 referebant
657 2480 711 2545 hic
734 2478 899 2544 cecidisse
913 2476 1058 2561 legatos,

79 2585 150 2650 illic
173 2593 290 2670 raptas
314 2584 463 2670 aquilas3
492 2586 635 2671 primum
657 2581 715 2648 ubi
738 2581 860 2647 vulnus
883 2581 975 2646 Varo
999 2579 1058 2644 ad-

78 2698 203 2771 actum,
227 2687 284 2753 ubi
307 2687 435 2753 infelici
452 2688 594 2753 dextera
619 2695 651 2752 et
674 2708 734 2751 suo
758 2687 829 2751 ictu
844 2694 985 2749 mortem
1008 2685 1057 2747 in·
1086 2697 1111 2736 ²⁰

77 2793 227 2875 venerit3
250 2813 313 2876 quo
336 2790 500 2856 tribunali
524 2793 741 2856 contionatus
764 2788 955 2872 Arminius,
979 2799 1058 2874 quot

77 2894 234 2981 patibula
262 2896 423 2980 captivis,
458 2917 544 2981 quae
573 2893 725 2976 scrobes,
759 2903 861 2978 utque
895 2892 1002 2977 signis
1025 2902 1059 2957 et

82 2997 206 3085 aquilis
229 3019 290 3084 per
313 2997 506 3083 superbiam
529 2997 716 3063 inluserint.

183 3099 234 3164 62.
257 3100 367 3184 Igitur
381 3101 550 3166 Romanus
574 3100 630 3185 qui
654 3099 774 3164 aderat
790 3101 960 3165 exercitus
984 3121 1057 3164 sex·
1164 3129 1173 3146 ·

79 3219 150 3271 tum
172 3214 250 3290 post
266 3202 375 3269 cladis
399 3227 523 3270 annum
545 3206 647 3268 trium
662 3203 833 3286 legionum
855 3225 943 3286 ossa,
966 3200 1057 3267 nullo

79 3315 243 3375 noscente
265 3307 395 3374 alienas
424 3307 583 3394 reliquias
607 3328 651 3372 an
681 3329 816 3371 suorum
843 3306 942 3371 humo
966 3314 1058 3388 tege-

79 3423 140 3496 ret,
165 3435 279 3477 omnes
300 3422 336 3478 ut
360 3413 569 3495 coniunctos,
592 3421 629 3477 ut
652 3412 932 3494 consanguineos,
956 3418 1058 3473 aucta

80 3520 113 3583 in
135 3516 269 3582 hostem
291 3519 353 3601 ira,
376 3517 497 3584 maesti
521 3513 619 3582 simul
644 3524 677 3579 et
705 3514 829 3579 infensi
853 3510 1055 3578 condebant.
1082 3533 1095 3571 a

80 3621 223 3705 primum
251 3619 456 3686 exstruendo
484 3617 612 3685 tumulo
644 3617 828 3702 caespitem
849 3613 977 3681 ansar
999 3636 1057 3700 po-
