2530 4084
251 291 298 342 ns
315 290 480 344 nxonssu
496 289 656 344 nuousri
673 291 709 344 11.
727 292 837 345 ta-rr.
992 289 1054 355 103

16 427 18 470 Ι
61 488 169 552 mina
193 493 228 550 et
252 482 504 549 accusationem
527 489 699 567 tamquam
716 479 878 548 adversus
902 491 1055 568 receptos

66 593 145 657 iam
168 611 246 655 reos
270 584 493 653 instruebant.
1083 616 1109 657 10

182 692 234 756 75.
258 691 304 757 At
333 690 537 776 Agrippina,
567 709 768 776 quamquam
799 688 932 756 defessa
962 688 1057 756 luctu

73 807 109 863 et
133 818 278 882 corpore
308 815 427 878 aegro,
463 794 608 859 omnium
629 801 742 858 tamen
777 814 862 879 quae
895 793 1056 859 ultionem

71 909 291 967 morarentur
313 896 508 979 intolerans,
531 896 686 963 ascendit
703 895 846 963 classem
868 918 944 963 cum
967 899 1055 963 cine-

71 1003 170 1071 ribus
196 1000 391 1068 Germanici
420 1011 453 1068 et
481 1001 614 1084 liberis,
644 1001 883 1069 miserantibus
913 1004 1054 1084 cunctis,

71 1111 167 1198 quod
189 1110 314 1177 femina
329 1105 509 1174 nobilitate
524 1107 691 1193 princeps,
714 1106 939 1192 pulcherrimo
954 1104 1053 1172 modo
1095 1133 1107 1173 ⁵

71 1216 294 1280 matrimonio
331 1215 420 1278 inter
453 1211 648 1276 venerantis
684 1211 918 1296 gratantisque
946 1211 1054 1295 aspici

71 1318 196 1400 solita,
225 1327 304 1384 tunc
332 1316 447 1380 feralis
476 1312 635 1399 reliquias
666 1313 741 1378 sinu
769 1314 889 1393 ferret,
923 1314 1053 1379 incerta

69 1420 228 1503 ultionis,
253 1421 356 1486 anxia
380 1421 432 1485 sui
456 1427 488 1484 et
511 1417 641 1484 infelici
664 1417 874 1483 fecunditate
897 1417 1053 1482 fortunae

69 1527 202 1591 totiens
226 1524 383 1590 obnoxia.
415 1522 571 1587 Pisonem
601 1523 737 1588 interim
764 1521 853 1608 apud
876 1519 982 1586 Coum
1004 1522 1053 1584 in-

71 1627 186 1694 sulam
208 1628 346 1692 nuntius
370 1624 567 1710 adsequitur
589 1626 779 1691 excessisse
803 1623 1051 1690 Germanicum.
1081 1644 1106 1685 ιο

70 1751 140 1818 quo
177 1731 440 1816 intemperanter
468 1737 609 1812 accepto
633 1726 747 1792 caedit
769 1729 944 1810 victimas,
979 1727 1052 1793 adit

68 1832 217 1920 templa,
251 1854 358 1920 neque
387 1832 459 1917 ipse
488 1829 649 1913 gaudium
676 1829 855 1897 moderans
887 1841 919 1897 et
942 1835 1051 1917 magis

69 1936 300 2003 insolescente
315 1934 490 2016 Plancina,
515 1955 600 2020 quae
615 1934 743 2000 luctum
758 1936 903 2001 amissae
927 1938 1051 2002 sororis

68 2050 146 2105 tum
169 2041 312 2125 primum
334 2037 424 2103 laeto
448 2037 542 2104 cultu
563 2039 717 2104 mutavit.

181 2139 232 2206 76.
244 2139 447 2207 Adfluebant
460 2143 672 2207 centuriones
684 2142 932 2229 monebantque
944 2166 1051 2230 prom-

68 2255 134 2333 pta
159 2244 209 2310 illi
232 2245 400 2329 legionum
417 2243 546 2311 studia:
569 2254 735 2330 repeteret
758 2247 968 2331 provinciam
983 2270 1051 2313 non

69 2351 146 2415 iure
175 2348 326 2413 ablatam
364 2358 396 2412 et
430 2370 583 2414 vacuam,
630 2349 733 2431 igitur
767 2347 848 2433 quid
882 2350 1051 2434 agendum

71 2451 345 2519 consultantibus
368 2451 413 2516 M.
443 2452 521 2517 Piso
544 2451 632 2517 filius
662 2451 907 2538 properandum
933 2456 968 2519 in
997 2479 1049 2520 ur-

69 2557 152 2622 bem
174 2555 352 2621 censebat:
381 2553 465 2620 nihil
489 2553 601 2622 adhuc
625 2554 832 2640 inexpiabile
855 2556 1048 2643 admissum,
1077 2579 1089 2618 ⁵

70 2681 181 2747 neque
198 2660 404 2745 suspiciones
421 2657 599 2724 inbecillas
622 2670 682 2725 aut
703 2661 820 2726 inania
842 2660 952 2728 famae
976 2686 1049 2750 per-

71 2761 293 2830 timescenda.
339 2761 543 2829 ffisoordiam
577 2783 658 2847 erga
693 2761 931 2831 Germanicum
971 2767 1048 2833 odio

71 2866 219 2932 fortasse
242 2865 395 2949 dignam,
425 2887 492 2930 non
515 2887 640 2951 poena,
675 2876 707 2932 et
737 2866 951 2954 ademptione
973 2893 1048 2958 pro·

70 2972 207 3036 vinciae
231 2970 466 3037 satisfactum
488 2971 644 3036 inimicis.
689 2971 779 3058 quod
802 2973 831 3038 si
854 2975 1048 3058 regredere-

72 3084 143 3156 tur,
173 3073 358 3140 obsistente
388 3071 504 3139 Sentio
541 3073 641 3140 civile
669 3074 794 3141 bellum
830 3078 951 3163 incipi3
984 3102 1047 3146 nec
1076 3097 1100 3137 10

72 3177 250 3243 duraturos
273 3179 307 3243 in
322 3177 475 3264 partibus
499 3180 712 3245 centuriones
735 3179 934 3267 militesque,
958 3183 1048 3268 apud

71 3303 154 3368 quos
184 3304 302 3348 recens
333 3283 545 3367 imperatoris
575 3284 626 3347 sui
660 3286 820 3350 memoria
850 3294 882 3349 et
913 3287 1046 3370 penitus

69 3385 193 3452 infixus
217 3387 252 3450 in
275 3383 441 3450 Caesares
464 3407 558 3451 amor
579 3386 801 3472 praevaleret.

173 3488 223 3552 77.
254 3486 383 3555 Contra
410 3487 580 3554 Domitius
610 3487 723 3573 Celer,
754 3513 798 3557 ex
827 3493 944 3557 intima
975 3494 1045 3558 eius

69 3592 229 3675 amicitia,
255 3590 413 3658 disseruit
437 3591 598 3659 utendum
622 3603 760 3659 eventu:
782 3594 954 3678 Pisonem,
977 3617 1045 3660 non
