2500 4084
207 329 271 400 282
536 336 711 388 cosumn
730 335 853 388 rscmr

207 524 376 591 consulari
410 527 501 610 seni,
533 535 586 592 tot
610 525 838 593 consularium
864 527 1009 612 parenti.
1054 523 1192 590 Drusus

208 627 329 694 deinde
353 629 598 713 exstinguitur,
622 651 698 696 cum
721 649 757 693 se
779 626 981 693 miserandis
1004 626 1193 706 alimentis,

155 743 180 782 ¹0
207 730 399 800 mandendo
422 731 567 798 acubili
591 742 749 814 tomento,
772 752 897 796 nonum
920 730 966 796 ad
989 729 1080 795 diem
1106 729 1193 794 deti-

207 835 348 900 nuisset.
371 833 544 901 tradidere
560 835 697 921 quidam
718 834 966 921 praescriptum
986 833 1094 898 fuisse
1118 831 1193 896 Ma·

208 941 314 1022 croni,
341 940 370 1004 si
393 961 487 1006 arma
510 939 555 1004 ab
572 937 695 1005 Seiano
718 947 972 1026 temptarentur,
997 947 1194 1003 extractum

206 1043 383 1108 custodiae
418 1044 571 1110 iuvenem
605 1043 696 1125 (nam
731 1043 766 1107 in
793 1041 926 1107 Palatio
961 1038 1191 1118 attinebatur)
1233 1109 1234 1130 ,

207 1145 326 1210 ducem
348 1145 469 1232 populo
492 1147 672 1232 imponere.
696 1167 791 1230 mox,
815 1147 893 1232 quia
916 1167 1031 1211 rumor
1053 1143 1191 1210 incede·
1233 1131 1234 1136 ἵ

154 1258 180 1300 ¹⁸
206 1248 267 1314 bat
289 1247 360 1314 fore
388 1259 426 1316 ut
454 1272 541 1315 nuru
570 1272 611 1316 ac
640 1252 755 1337 nepoti
784 1249 1026 1316 conciliaretur
1048 1246 1190 1328 Caesar,

205 1352 385 1418 saevitiam
408 1374 510 1439 quam
531 1355 777 1439 paenitentiam
798 1352 928 1419 maluit.

308 1454 359 1520 24.
390 1455 479 1538 Quin
514 1465 546 1522 et
582 1458 737 1523 invectus
766 1458 800 1523 in
835 1457 1030 1523 defunctum
1062 1455 1188 1544 probra

205 1559 365 1646 corporis,
389 1560 599 1626 exitiabilem
615 1562 649 1625 in
666 1582 754 1643 suos,
777 1560 945 1626 infensum
961 1562 1011 1626 rei
1027 1559 1188 1646 publicae
1234 1563 1235 1594 ³

204 1664 352 1728 animum
375 1661 500 1730 obiecit
531 1665 734 1751 recitarique
763 1664 930 1730 factorum
953 1664 1188 1750 dictorumque

204 1768 276 1834 eius
300 1766 472 1854 descripta
495 1787 555 1854 per
578 1766 651 1832 dies
674 1767 784 1850 iussit,
808 1789 872 1853 quo
895 1789 963 1832 non
979 1766 1076 1832 aliud
1099 1777 1187 1832 stro-

165 1893 178 1932 s
204 1871 277 1937 cius
300 1872 425 1936 visum:
456 1869 633 1936 adstitisse
655 1879 706 1936 tot
729 1893 789 1958 per
812 1891 934 1954 annos,
964 1872 1021 1957 qui
1045 1870 1186 1950 vultum,

205 1977 367 2059 gemitus,
402 1974 570 2042 occultum
599 1977 703 2041 etiam
729 1997 878 2040 murmur
906 1976 1122 2062 exciperent,
1154 1983 1187 2037 et
1235 2045 1236 2054 ἵ

203 2080 354 2166 potuisse
377 2099 477 2144 avum
501 2077 627 2161 audire,
651 2077 774 2162 legere,
799 2079 833 2142 in
848 2077 1019 2164 publicum
1034 2099 1186 2164 promere

203 2184 263 2247 vix
293 2182 393 2266 fides,
422 2182 489 2246 nisi
518 2180 608 2267 quod
630 2180 717 2247 Attii
747 2182 953 2247 centurionis
989 2192 1023 2246 et
1045 2179 1185 2264 Didymi

204 2283 318 2351 liberti
342 2284 506 2372 epistulae
530 2305 702 2350 servorum
716 2287 853 2350 nomina
875 2283 1126 2371 praeferebant,
1150 2292 1185 2346 nt

151 2409 177 2450 ro
205 2389 279 2474 quis
303 2387 531 2473 egredientem
555 2386 711 2454 cubiculo
726 2387 874 2454 Drusum
895 2387 1106 2474 pulsaverat,
1130 2409 1184 2452 ex-

158 2523 161 2530 *
203 2499 379 2558 terruerat.
404 2493 506 2558 etiam
524 2513 584 2557 sua
601 2491 705 2557 verba
721 2491 874 2558 centurio
892 2493 1059 2557 saevitiae
1075 2491 1184 2577 plena,

203 2602 378 2680 tamquam
400 2596 582 2679 egregium,
606 2617 775 2682 vocesque
795 2594 982 2662 deficientis
998 2595 1185 2676 adiecerat,

204 2697 278 2784 quis
301 2697 407 2783 primo
436 2699 533 2784 quasi
561 2719 621 2785 per
643 2699 848 2765 dementiam
878 2698 1013 2764 funesta
1037 2698 1184 2780 Tiberio,

203 2821 291 2883 mox,
315 2799 373 2866 ubi
398 2823 519 2887 exspes
542 2804 635 2868 vitae
658 2803 732 2887 fuit,
755 2801 939 2868 meditatas
962 2805 1182 2887 compositas·

151 2927 177 2969 rs
204 2925 267 2990 que
291 2903 382 2969 diras
398 2904 647 2991 inprecabatur,
670 2917 717 2990 ut,
740 2905 1050 2993 quemadmodum
1065 2929 1184 2972 nurum

202 3005 373 3094 filiumque
406 3008 522 3075 fratris
557 3018 589 3074 et
624 3019 764 3097 nepotes
797 3018 956 3076 necasset
985 3007 1184 3097 domumque

204 3132 335 3176 omnem
357 3111 521 3178 caedibus
545 3111 800 3200 complevisset,
834 3114 884 3178 ita
906 3133 1032 3199 poenas
1057 3115 1184 3180 nomini

205 3216 388 3302 generique
410 3214 574 3281 maiorum
597 3226 630 3281 et
652 3217 798 3303 posteris
822 3216 1023 3281 exsolveret.
1072 3218 1183 3284 obtur-

204 3316 335 3383 babant
357 3317 492 3404 quidem
507 3328 622 3404 patres
640 3322 751 3406 specie
768 3318 978 3385 detestandi:
1001 3318 1063 3385 sed
1086 3343 1182 3407 pene-

153 3445 179 3485 so
205 3418 320 3483 trebat
336 3439 442 3505 pavor
465 3428 499 3484 et
515 3421 707 3506 admiratio,
730 3421 893 3492 callidum
908 3423 988 3488 olim
1011 3432 1045 3488 et
1069 3435 1181 3509 tegen-

207 3517 259 3582 dis
284 3519 469 3585 sceleribus
498 3521 678 3590 obsourum
700 3525 768 3590 buo
790 3525 1016 3592 confidentiae
1037 3530 1181 3612 venisse,

205 3626 243 3681 nt
259 3627 431 3704 tamquam
448 3621 584 3688 dimotis
600 3625 789 3710 parietibus
813 3627 1008 3695 ostenderet
1029 3640 1180 3717 nepotem
