2552 4084
224 253 267 317 32
561 250 733 302 CORNELII
752 250 874 301 'l'ACITI

170 462 197 501 ro
224 442 365 526 singulis
391 444 425 506 in
447 441 535 507 hunc
551 440 685 506 modum
709 442 870 506 exercuit.
894 440 1032 507 stabant
1047 441 1213 528 legiones

224 546 394 612 destrictis
419 545 561 630 gladiis3
594 567 671 610 reus
694 547 729 610 in
757 555 919 629 suggestu
946 567 1006 631 per
1028 544 1214 612 tribunum

223 647 481 715 ostendebatur:
511 651 541 713 si
569 658 746 714 nocentem
780 647 1069 733 adclamaverunt,
1105 672 1213 736 prae-

221 775 298 839 ceps
324 752 423 817 datus
447 750 692 817 trucidabatur.
717 761 751 817 et
766 749 938 835 gaudebat
955 750 1121 817 caedibus
1149 749 1213 818 mi-

219 856 279 938 les,
303 867 474 942 tamquam
497 866 601 921 semet
624 854 832 939 absolveret3
862 875 925 920 nec
948 852 1076 921 Caesar
1105 879 1211 922 aroe-

169 977 194 1016 15
221 959 291 1043 bat,
316 959 450 1047 quando
474 957 565 1023 nullo
590 959 694 1044 ipsius
718 959 811 1023 iussu
831 980 934 1044 penes
966 957 1101 1023 eosdem
1130 981 1210 1025 sae·
1269 946 1270 955 ἵ

219 1066 304 1129 vitia
327 1065 411 1128 facti
440 1074 474 1129 et
497 1061 627 1126 invidia
651 1071 734 1127 erat.
765 1064 873 1128 secuti
896 1061 1082 1148 exemplum
1106 1073 1210 1128 vete·
1269 1118 1270 1157 3

219 1169 294 1232 rani
316 1165 409 1232 haud
422 1165 531 1248 multo
551 1175 627 1250 post
650 1166 684 1230 in
699 1165 857 1231 Raetiam
870 1167 1057 1246 mittuntur,
1081 1168 1209 1250 specie
1269 1160 1270 1191 ³

220 1268 453 1334 defendendae
475 1268 671 1353 provinciae
694 1266 737 1332 ob
760 1269 963 1332 imminentis
981 1266 1124 1352 Suebos,
1152 1291 1209 1334 ee-

218 1384 326 1439 terum
348 1382 385 1438 ut
408 1370 634 1437 avellerentur
656 1369 780 1436 castris
809 1369 958 1436 trucibus
989 1370 1096 1435 adhuc
1133 1395 1209 1438 non
1269 1402 1270 1473 q

166 1494 192 1537 ρο
219 1479 330 1542 minus
353 1478 538 1562 asperitate
560 1473 700 1540 remedii
729 1497 828 1561 quam
857 1473 994 1539 sceleris
1021 1479 1207 1541 memoria.
1269 1476 1270 1491 ³

218 1582 488 1647 centurionatum
522 1579 600 1644 inde
631 1580 710 1662 egit.
756 1580 879 1643 citatus
915 1575 958 1642 ab
994 1580 1208 1664 imperatore

216 1705 346 1767 nomen,
372 1682 532 1766 ordinem,
555 1683 717 1767 patriam,
740 1704 911 1746 numerum
941 1681 1206 1769 stipendiorum,

215 1810 301 1875 quae
324 1798 459 1853 strenue
482 1789 516 1851 in
539 1785 675 1871 proeliis
699 1786 845 1868 fecisset,
869 1797 903 1850 et
918 1787 973 1850 cui
990 1795 1084 1851 erant
1101 1785 1205 1853 dona

214 1891 386 1972 militaria,
411 1888 544 1954 edebat.
580 1890 609 1952 si
639 1888 781 1972 tribuni,
806 1889 834 1952 si
867 1886 956 1972 legio
992 1888 1205 1957 industriam

162 2012 188 2053 25
214 1994 507 2079 innocentiamque
524 1990 808 2077 adprobaverant,
831 1990 1001 2058 retinebat
1025 1991 1203 2060 ordinem:

214 2093 272 2159 ubi
295 2097 477 2161 avaritiam
507 2105 566 2160 aut
595 2094 832 2161 crudelitatem
854 2117 1020 2160 consensu
1042 2095 1202 2164 obiecta-

213 2199 353 2280 vissent,
378 2196 572 2263 solvebatur
594 2197 727 2263 militia.

317 2300 368 2366 45.
394 2300 449 2365 Sic
480 2303 673 2389 compositis
701 2300 935 2387 praesentibus
963 2300 1054 2368 haud
1081 2303 1203 2372 minor

212 2403 317 2469 moles
342 2415 515 2490 supererat
539 2403 581 2468 ob
603 2404 764 2470 ferociam
780 2407 917 2492 quintae
941 2416 974 2471 et
995 2407 1200 2474 unetvieen-

213 2509 319 2572 simae
335 2506 514 2591 legionum,
539 2511 810 2592 sexagensimum
832 2509 923 2597 apud
938 2509 1085 2596 lapidem
1100 2508 1199 2590 (loco

211 2609 337 2674 Vetera
362 2633 483 2675 nomen
507 2609 570 2692 est)
594 2609 854 2678 hibernentium.
878 2636 957 2678 nam
979 2615 1078 2699 primi
1100 2615 1199 2680 sedi-

173 2731 186 2770 s
213 2714 338 2777 tionem
362 2722 621 2798 coeptaverant:
650 2717 897 2781 atrocissimum
924 2716 1077 2803 quodque
1104 2716 1197 2783 faci-

212 2838 275 2880 nus
298 2814 416 2880 horum
437 2815 591 2882 manibus
614 2827 801 2902 patratum3
829 2841 893 2882 nec
914 2840 1024 2904 poena
1053 2824 1196 2887 commi-

212 2916 354 2983 litonum
377 2920 531 2984 exterriti
553 2941 616 2983 neo
638 2922 848 3006 paenitentia
865 2924 1022 2986 conversi
1045 2923 1112 2988 iras
1137 2947 1195 2990 re-

210 3019 375 3086 tinebant.
421 3022 525 3105 igitur
547 3018 675 3087 Caesar
706 3046 801 3088 arma
830 3023 975 3090 classem
999 3026 1106 3090 socios
1131 3025 1194 3093 de·

209 3125 343 3189 mittere
357 3124 474 3189 Rheno
490 3135 601 3210 parat,
626 3127 655 3189 si
671 3127 845 3211 imperium
862 3127 1074 3213 detrectetur,
1097 3126 1192 3195 bello

160 3243 183 3282 1⁰
212 3237 412 3293 certaturus.

311 3330 363 3394 46.
386 3329 433 3396 At
460 3330 587 3396 Romae
620 3329 767 3397 nondum
801 3334 953 3419 cognito,
983 3335 1040 3421 qui
1066 3334 1191 3403 fuisset

209 3434 319 3498 exitus
343 3435 378 3498 in
394 3431 543 3520 Illyrico,
568 3445 601 3500 et
615 3433 786 3518 legionum
802 3433 1079 3503 Germanicarum
1093 3449 1190 3505 motu

208 3536 341 3620 audito,
371 3536 504 3623 trepida
534 3538 656 3603 civitas
688 3539 845 3604 incusare
875 3538 1048 3608 Tiberium
1085 3541 1186 3628 quod,
