2552 4084
211 301 252 366 66
547 299 721 352 conuunn
739 297 861 350 rncrrr

156 506 184 551 10
210 495 258 559 sic
275 494 431 559 incessit:
455 491 640 558 auxiliares
657 489 751 558 Galli
766 489 992 580 Germanique
1016 493 1051 557 in
1066 491 1189 574 fronte,

210 605 286 684 post
309 618 390 684 quos
406 596 537 683 pedites
554 597 743 680 sagittarii3
768 595 845 661 dein
861 604 1022 682 quattuor
1036 595 1190 680 legiones

211 709 245 766 et
273 719 350 766 eum
385 699 514 766 duabus
549 701 729 786 praetoriis
759 699 954 766 cohortibus
983 722 1025 765 ac
1057 698 1191 764 delecto

212 806 323 892 equite
339 801 482 887 Caesam
506 804 595 868 exim
610 803 752 869 totidem
774 802 864 868 aliae
879 802 1030 887 legiones
1055 813 1089 869 et
1105 802 1192 868 levis

211 917 384 974 armatura
408 927 484 973 cum
514 908 625 993 equite
649 907 828 991 sagittario
852 915 1051 995 ceteraeque
1082 909 1192 972 socio-

160 1027 185 1067 16
211 1035 285 1079 rum
307 1011 473 1078 cohortes.
498 1012 646 1075 intentus
669 1017 875 1096 paratusque
903 1008 1017 1094 miles,
1044 1020 1084 1076 ut
1109 1011 1191 1076 ordo

212 1116 357 1201 agminis
381 1117 416 1180 in
438 1115 546 1179 aciem
569 1112 761 1179 adsisteret.

316 1217 366 1282 17.
401 1218 493 1284 Visis
528 1214 773 1283 Cheruscorum
807 1218 971 1300 catervis,
1006 1239 1093 1304 quae
1133 1239 1194 1304 per

211 1324 373 1390 ferociam
393 1329 626 1407 proruperant,
649 1319 879 1386 validissimos
904 1322 1053 1407 equitum
1076 1323 1192 1386 incur·

211 1449 285 1493 rere
308 1426 409 1508 latus,
434 1423 632 1490 Stertinium
653 1445 730 1491 eum
752 1427 876 1490 ceteris
903 1427 1021 1490 turmis
1044 1426 1192 1492 circum-

213 1530 309 1616 gredi
342 1538 505 1615 tergaque
533 1528 695 1594 invadere
727 1529 835 1610 iubet,
871 1530 942 1614 ipse
975 1530 1011 1593 in
1040 1539 1193 1617 tempore

174 1664 186 1705 a
214 1634 399 1700 adfuturus.
438 1633 567 1696 interea
599 1631 855 1718 pulcherrimum
891 1634 1078 1718 augurium,
1113 1645 1191 1701 octo

213 1736 348 1825 aquilae
370 1745 484 1822 petere
508 1734 613 1801 silvas
636 1745 670 1800 et
693 1737 820 1801 intrare
836 1737 931 1801 visae
954 1738 1192 1822 imperatorem
1257 1783 1258 1790 κ

214 1840 400 1907 advertere.
435 1837 607 1904 exclamat
633 1837 738 1922 irent,
773 1849 989 1925 sequerentur
1019 1840 1191 1907 Romanas

214 1967 311 2027 aves,
338 1943 473 2030 propria
501 1941 672 2027 legionum
699 1944 846 2008 numina.
892 1941 989 2008 simul
1018 1942 1189 2030 pedestris

214 2050 305 2114 acies
330 2047 472 2112 infertur
505 2055 539 2111 et
571 2047 776 2133 praemissus
804 2067 906 2132 eques
935 2056 1125 2133 postremos
1150 2069 1188 2114 ac
1256 2115 1257 2130 q

161 2183 186 2222 10
213 2151 323 2216 latera
336 2149 476 2237 impulit.
491 2150 675 2236 mirumque
692 2149 795 2232 dictu,
812 2149 876 2214 duo
893 2149 1039 2216 hostium
1050 2154 1188 2236 agmina

215 2256 349 2322 diversa
364 2253 456 2338 fuga,
479 2254 537 2340 qui
563 2252 683 2318 silvam
704 2261 898 2336 tenuerant,
921 2254 955 2317 in
977 2264 1112 2340 aperta,
1134 2259 1189 2343 qui

215 2361 249 2424 in
281 2358 408 2443 campis
438 2355 659 2438 adstiterunt,
682 2357 716 2420 in
748 2355 869 2421 silvam
899 2356 1054 2423 ruebant.
1088 2359 1189 2425 medii

215 2464 303 2527 inter
334 2461 395 2526 hos
418 2457 581 2526 Oherusci
610 2459 753 2525 collibus
784 2457 1068 2546 detrudebantur,
1103 2464 1188 2529 inter

215 2587 296 2652 quos
320 2565 463 2649 insignis
480 2562 652 2629 Arminius
674 2585 776 2628 manu
797 2585 881 2628 voce
896 2562 1036 2630 vulnere
1060 2575 1186 2632 susten·

164 2691 188 2733 u
215 2668 312 2734 tabat
334 2688 492 2755 pugnam.
516 2667 779 2755 incubueratque
803 2669 1008 2752 sagittariis,
1033 2667 1093 2734 illa
1115 2690 1186 2756 rup-

215 2783 325 2856 turus,
357 2773 393 2835 ni
427 2769 608 2837 Raetorum
630 2769 948 2858 Vindelicorumque
971 2780 1005 2836 et
1033 2768 1185 2838 Gallicae

216 2875 371 2940 cohortes
395 2875 493 2958 signa
517 2873 730 2940 obiecissent.
754 2876 831 2940 nisu
854 2884 967 2940 tamen
989 2878 1140 2962 corporis
1155 2887 1185 2942 et

216 2980 342 3064 impetu
375 2978 451 3064 equi
473 2977 642 3064 pervasit,
677 2977 802 3043 oblitus
825 2977 948 3042 faciem
976 2997 1036 3042 suo
1059 2999 1183 3062 cruore,

215 3103 258 3147 ne
279 3091 485 3145 nosceretur.
530 3080 668 3167 quidam
690 3079 867 3164 adgnitum
890 3102 910 3146 a
933 3078 1080 3146 Chaucis
1104 3083 1186 3148 inter

163 3208 190 3251 ro
216 3183 345 3250 auxilia
360 3182 512 3249 Romana
527 3182 708 3268 agentibus
724 3185 943 3270 emissumque
966 3183 1184 3251 tradidenmt

215 3288 323 3354 virtus
347 3309 405 3352 seu
426 3287 517 3354 fraus
540 3287 658 3353 eadem
672 3287 884 3372 Inguiomero
910 3287 1066 3371 effugium
1083 3287 1184 3355 dedit:

216 3392 321 3457 ceteri
347 3391 474 3477 passim
501 3390 675 3457 trucidati.
709 3401 743 3456 et
769 3390 945 3480 plerosque
972 3400 1109 3458 tranare
1131 3392 1182 3458 Vi·
1252 3387 1253 3406 ¹

217 3496 343 3578 surgim
365 3503 528 3560 conantes
552 3496 677 3562 iniecta
700 3492 769 3560 tela
792 3503 851 3561 aut
873 3497 925 3561 vis
951 3493 1106 3579 fluminis,
1131 3517 1182 3582 po·

219 3607 341 3662 stremo
356 3595 461 3662 moles
476 3599 643 3664 ruentium
658 3607 692 3664 et
708 3598 896 3665 incidentes
908 3599 1002 3685 ripae
1023 3618 1181 3685 operuere.
