2500 4084
159 371 162 377 .
201 329 265 395 238
529 327 704 379 coaunnn
722 327 843 378 mmm

201 543 314 587 rorum
342 541 476 585 suorum
502 520 718 585 veterrimum
752 521 917 607 inposuit,
952 518 1074 584 addita
1104 541 1197 583 con-

151 657 175 699 10
202 623 340 690 tumelia
364 633 398 690 et
420 625 551 705 missis,
586 625 642 710 qui
666 643 787 707 gazam
821 646 842 688 a
863 622 1004 689 Vonone
1027 621 1200 687 relictam

202 729 236 793 in
264 726 371 794 ’Suria
405 725 592 813 Ciliciaque
632 736 864 813 reposcerent3
908 724 1007 791 simul
1051 735 1199 792 veteres

201 831 379 895 Persarum
412 852 453 895 ac
486 829 711 894 Macedonum
745 829 919 913 terminos,
955 851 1059 914 seque
1089 832 1196 894 inva-

203 914 314 999 surum
341 955 500 1020 possessa
529 935 673 1020 primum
701 933 790 1020 Cyro
821 943 853 998 et
883 943 960 1019 post
982 933 1196 998 Alexandro

201 1060 260 1123 per
277 1037 565 1128 vaniloquentiam
588 1061 628 1102 ac
652 1039 762 1103 minas
786 1036 944 1102 iaciebat.
969 1036 1030 1102 sed
1046 1036 1194 1101 Parthis

151 1176 176 1216 15
201 1141 359 1206 mittendi
383 1151 530 1208 secretos
560 1141 697 1206 nuntios
720 1140 951 1207 validissimus
974 1150 1097 1206 auctor
1119 1139 1193 1203 fuit

202 1243 386 1328 Sinnaces,
420 1245 547 1329 insigni
581 1243 710 1309 familia
740 1266 780 1308 ac
803 1242 944 1329 perinde
978 1243 1112 1329 opibus,
1151 1251 1189 1306 et

201 1349 372 1434 proximus
405 1349 482 1414 huic
517 1346 635 1412 Abdus
671 1347 848 1433 ademptae
881 1345 1069 1411 virilitatis.
1115 1368 1191 1410 non

203 1452 396 1538 despectum
431 1451 466 1516 id
498 1451 588 1537 apud
615 1449 781 1515 barbaros
811 1449 964 1535 ultroque
994 1451 1190 1534 potentiam

200 1555 313 1621 habet.
339 1556 361 1619 ii
386 1553 525 1619 adscitis
543 1564 575 1620 ot
592 1554 669 1620 aliis
685 1553 896 1640 primoribus,
920 1555 998 1638 quia
1013 1553 1189 1618 neminem
1242 1552 1243 1608 l

149 1695 174 1734 20
201 1661 312 1744 gentis
328 1658 572 1724 Arsacidarum
589 1680 737 1724 summac
760 1659 810 1722 rei
833 1659 991 1743 inponere
1013 1665 1187 1742 poterant,

200 1762 390 1827 interfectis
414 1761 456 1827 ab
473 1761 651 1827 Artabano
674 1761 843 1848 plerisque
867 1771 926 1827 aut
947 1759 1099 1825 nondum
1124 1758 1186 1824 ad·
1242 1789 1243 1817 i

199 1865 290 1948 ultis,
313 1863 484 1930 Phraaten
508 1867 598 1948 regis
621 1865 780 1930 Phraatis
803 1863 909 1929 filium
931 1864 1037 1928 Roma
1061 1883 1183 1949 posce·
1242 1933 1243 1936 Ἴ

200 1969 300 2035 bant:
322 1970 456 2034 nomine
480 1979 612 2034 tantum
636 1979 670 2034 et
699 1978 837 2034 auctore
866 1987 964 2053 opus,
992 1975 1030 2030 ut
1062 1973 1185 2051 sponte
1242 1959 1243 1998 l

200 2071 358 2138 Caesaris
384 2093 488 2156 genus
505 2072 645 2137 Arsacis
662 2073 770 2157 ripam
793 2069 883 2156 apud
898 2069 1083 2154 Euphratis
1108 2091 1181 2134 oer-
1242 2127 1243 2159 ,

149 2208 174 2248 25
200 2185 346 2241 neretur.
1242 2191 1243 2214 ¹

303 2277 354 2342 32.
378 2277 536 2363 Cupitum
560 2278 595 2343 id
617 2277 770 2343 Tiberio:
801 2286 899 2344 ornat
921 2278 1092 2342 Phraaten
1125 2297 1180 2342 ac·
1242 2359 1243 2366 ἵ

200 2383 374 2469 cingitque
402 2391 579 2466 paternum
602 2380 647 2446 ad
676 2381 866 2465 fastigium,
898 2380 1071 2446 destinata
1101 2384 1182 2449 reti·
1242 2367 1243 2419 ³

199 2509 299 2568 nens,
330 2484 480 2550 consiliis
505 2494 538 2550 et
562 2495 639 2550 astu
661 2507 715 2550 res
740 2495 898 2552 externas
921 2484 1047 2568 moliri,
1083 2507 1181 2551 arma

197 2587 317 2676 procul
338 2589 473 2654 habere.
498 2591 628 2654 interea
652 2590 799 2673 cognitis
823 2589 956 2654 insidiis
979 2587 1180 2654 Artabanus

160 2728 172 2766 5
200 2692 331 2758 tardari
346 2704 447 2775 metu,
471 2692 569 2758 modo
586 2691 744 2778 cupidine
759 2691 933 2757 vindictae
949 2691 1178 2758 inardescere.
1242 2699 1243 2771 t

199 2806 232 2864 ot
261 2795 418 2862 barbaris
447 2797 620 2861 cunctatio
645 2795 795 2878 servilis,
826 2797 942 2861 statim
965 2797 1105 2882 exsequi
1129 2819 1180 2862 re·
1242 2779 1243 2850 l

199 2902 291 2984 gium
320 2898 470 2964 videtur:
505 2899 614 2964 valuit
647 2909 761 2964 tamen
795 2899 942 2981 utilitas,
976 2908 1013 2964 ut
1041 2897 1179 2965 Abdum

200 3004 312 3090 specie
335 3002 506 3068 amicitiae
529 3011 687 3068 vocatum
716 3002 761 3068 ad
785 3001 900 3089 epulas
928 3001 1019 3069 lento
1044 3025 1177 3069 veneno
1242 3046 1243 3088 t

199 3105 369 3193 inligaret,
393 3103 563 3171 Sinnacen
588 3105 857 3171 dissimulatione
879 3127 920 3172 ac
945 3106 1052 3188 donis,
1079 3105 1176 3172 simul
1242 3089 1243 3112 ¹

147 3248 171 3286 10
198 3231 257 3295 per
279 3210 419 3293 negotia
441 3219 637 3274 moraretur.
684 3217 715 3274 et
738 3208 903 3275 Phraates
931 3207 1021 3295 apud
1044 3207 1177 3274 Suriam
1242 3199 1243 3238 ³

200 3311 276 3376 dum
300 3310 539 3377 omissocultu
562 3312 727 3394 Romano,
762 3314 817 3377 cui
838 3333 899 3398 per
921 3321 973 3378 tot
995 3333 1103 3377 annos
1128 3315 1175 3377 in·
1242 3311 1243 3366 i

197 3423 366 3497 sueverat,
389 3414 547 3478 instituta
569 3415 770 3480 Parthorum
793 3416 912 3498 sumit,
934 3416 1055 3500 patriis
1078 3419 1175 3481 mori·

199 3514 262 3578 bus
285 3515 393 3601 impar
418 3515 534 3581 morbo
564 3516 758 3604 absumptus
788 3528 848 3584 est.
894 3518 1049 3585 sednon
1079 3518 1175 3585 Tibe·
1242 3513 1243 3577 l

199 3617 267 3681 rius
292 3619 402 3682 omisit
430 3619 580 3704 incepta:
603 3620 790 3689 Tiridatem
818 3623 995 3711 sanguinis
1024 3622 1173 3692 eiusdem
1242 3628 1243 3642 ¹
