2552 4084
277 300 322 350 11
340 297 503 349 excessu
521 297 679 348 nuousm
697 297 731 346 11.
751 298 861 349 ae-so.
1017 297 1057 361 73

68 495 264 572 temptatus
289 498 327 553 ut
350 487 499 552 infernas
523 485 660 552 umbras
683 485 891 552 carminibus
908 485 1056 570 eliceret,

70 589 122 655 ad
148 589 345 656 Fulcinium
373 591 531 656 Trionem
554 589 716 656 indicium
747 589 877 656 detulit.
923 588 1057 654 celebre
1083 634 1089 644 2-

70 696 168 760 inter
196 705 413 761 accusatores
442 695 575 760 Trionis
599 695 772 778 ingenium
802 705 874 760 erat
906 693 1056 759 avidum·

70 821 139 884 que
164 799 275 864 famae
297 798 418 864 malae.
443 800 559 864 statim
581 799 720 883 corripit
743 805 851 882 reum,
875 797 949 864 adit
977 819 1056 863 con·
1084 815 1108 854 1⁵

70 901 184 986 sules,
220 905 448 988 cognitionem
482 911 621 968 senatus
654 903 775 989 poscit.
821 911 853 966 et
888 912 1056 967 vocantur

69 1015 208 1092 patres,
242 1007 360 1072 addito
392 1005 653 1073 consultandum
685 1026 785 1092 super
807 1029 844 1070 re
873 1026 999 1090 magne
1023 1013 1055 1070 et

71 1111 195 1176 atroci.
971 1167 972 1170 ,

179 1211 232 1276 29.
256 1214 343 1281 Libo
367 1216 502 1281 interim
525 1201 621 1278 11111
650 1223 781 1278 mutata
805 1235 881 1278 cum
903 1213 1054 1298 primori-

70 1319 136 1385 bus
160 1319 296 1384 feminis
312 1321 490 1385 circumire
512 1317 637 1402 domos,
663 1339 759 1382 orare
775 1317 915 1399 adfines,
938 1338 1055 1382 vocem

72 1423 259 1489 adversum
285 1421 437 1509 pericula
466 1445 622 1508 poscere,
656 1419 884 1486 abnuentibus
914 1423 1054 1503 cunctis,

71 1547 150 1592 cum
175 1525 310 1592 diversa
332 1526 606 1612 praetenderent,
631 1525 748 1591 eadem
771 1524 960 1590 formidine.
999 1525 1054 1590 die

73 1640 214 1696 senatus
237 1640 328 1696 metu
351 1640 383 1695 et
400 1629 615 1714 aegritudine
637 1630 756 1711 fessus,
782 1629 863 1711 sive,
887 1638 925 1694 ut
948 1627 1053 1695 tradi·
1080 1641 1093 1681 ⁵

72 1734 154 1800 dere
179 1733 332 1821 quidam,
356 1734 512 1799 simulato
537 1733 667 1817 morbo,
697 1732 820 1798 lectica
845 1731 979 1796 delatus
1009 1731 1052 1811 ad

71 1839 162 1903 fores
195 1839 310 1903 curiae
343 1839 540 1923 innisusque
568 1837 669 1902 fratri
698 1846 731 1902 et
758 1857 879 1900 manus
907 1857 949 1900 11
978 1857 1052 1920 sup·

70 1940 179 2027 plices
215 1963 314 2006 voces
351 1941 396 2006 ad
424 1939 597 2005 Tiberium
630 1938 774 2004 tendens
809 1940 946 2003 immoto
981 1939 1052 2002 eius

70 2043 169 2110 vultu
194 2046 369 2130 excipitur.
413 2065 493 2108 mox
515 2042 648 2108 libellos
680 2040 713 2108 et
743 2052 899 2107 auctores
929 2043 1052 2106 recitat

70 2145 203 2213 Caesar
226 2149 275 2212 111
297 2146 486 2230 moderans,
510 2168 552 2211 ne
575 2146 682 2210 lenire
704 2167 790 2211 neve
806 2167 966 2231 asperare
989 2144 1052 2209 cri·
1079 2159 1105 2199 10

69 2253 165 2316 mina
188 2248 371 2317 videretur.
700 2267 701 2273 ’

178 2351 230 2419 30.
259 2353 485 2420 Accesserant
514 2362 650 2438 praeter
678 2353 836 2419 Trionem
866 2347 900 2417 et
929 2350 1051 2416 Catum

71 2468 290 2524 accusatores
313 2457 476 2523 Fonteius
500 2455 652 2542 Agrippa
676 2466 710 2521 et
733 2455 917 2538 ovinius,
942 2466 1049 2521 certa-

70 2562 223 2648 bantque
246 2563 300 2628 oui
324 2564 376 2626 ius
398 2560 579 2647 perorandi
603 2562 637 2624 in
660 2582 753 2626 reum
771 2559 918 2636 duretur,
943 2558 1049 2624 donec

70 2665 205 2750 Vibius,
231 2667 309 2753 quia
331 2687 393 2731 nec
413 2665 476 2751 ipsi
500 2666 589 2729 inter
613 2687 648 2728 se
664 2662 890 2728 concederent
914 2672 947 2727 et
962 2661 1050 2726 Libo

71 2773 145 2836 sine
185 2779 328 2855 patrono
368 2769 557 2852 introisset,
593 2766 794 2852 singillatim
834 2787 870 2831 se
907 2767 1049 2830 crimina
1077 2781 1089 2820 ⁵

72 2874 283 2939 obiecturum
315 2872 506 2959 professus,
540 2869 681 2957 protulit
719 2868 853 2934 libellos
887 2867 1050 2934 vecordes

70 2976 172 3060 adeo,
200 2984 238 3040 ut
267 2974 510 3040 consultaverit
538 2973 641 3056 Libo,
675 2995 719 3037 11
753 2971 930 3037 habiturus
963 2972 1050 3036 foret

72 3101 161 3166 opes,
187 3079 259 3164 quis
283 3079 373 3142 viam
389 3076 535 3163 Appiam
550 3077 768 3142 Brundisium
783 3096 889 3162 usque
904 3077 1049 3160 pecunia

71 3183 226 3269 operiret.
251 3182 384 3247 inerant
408 3189 441 3244 et
459 3179 527 3244 alia
544 3168 790 3244 huiuscemodi
807 3176 931 3244 stolida
947 3201 1048 3261 vana,
1068 3219 1070 3222 v

72 3287 99 3351 si
120 3283 256 3351 mollius
273 3285 456 3369 acciperes,
480 3282 683 3349 miseranda.
706 3303 773 3347 uno
796 3291 910 3348 tamen
932 3279 1046 3346 libello
1075 3297 1100 3335 ιο

71 3412 172 3455 manu
193 3387 335 3454 Libonis
358 3387 549 3453 nominibus
566 3385 751 3452 Caesarum
774 3395 833 3450 aut
857 3395 1048 3450 senatorum

71 3493 208 3559 additas
234 3501 365 3556 atroces
396 3490 452 3555 vel
483 3489 634 3555 occultas
657 3497 757 3554 notas
786 3497 966 3553 accusator
995 3509 1047 3551 ar·

72 3596 206 3682 guebat.
236 3604 383 3678 negante
405 3615 462 3660 reo
487 3594 736 3678 adgnoscentes
761 3612 877 3657 servos
897 3613 958 3677 per
979 3599 1046 3654 tor·
