<?xml version="1.0" encoding="UTF-8"?>
<!DOCTYPE html PUBLIC "-//W3C//DTD XHTML 1.0 Transitional//EN"
    "http://www.w3.org/TR/xhtml1/DTD/xhtml1-transitional.dtd">
<html xmlns="http://www.w3.org/1999/xhtml" xml:lang="en" lang="en">
 <head>
  <title>
</title>
<meta http-equiv="Content-Type" content="text/html;charset=utf-8" />
  <meta name='ocr-system' content='tesseract 3.04.00' />
  <meta name='ocr-capabilities' content='ocr_page ocr_carea ocr_par ocr_line ocrx_word'/>
</head>
<body>
  <div class='ocr_page' id='page_1' title='image "./corneliitacitia03tacigoog_0214.png"; bbox 0 0 2530 4084; ppageno 0'>
   <div class='ocr_carea' id='block_1_1' title="bbox 253 343 1041 412">
    <p class='ocr_par' dir='ltr' id='par_1_1' title="bbox 253 343 1041 412">
     <span class='ocr_line' id='line_1_1' title="bbox 253 343 1041 412; baseline 0.01 -10"><span class='ocrx_word' id='word_1_1' title='bbox 253 343 299 402; x_wconf 82' lang='lat' dir='ltr'>ln</span> <span class='ocrx_word' id='word_1_2' title='bbox 318 348 480 401; x_wconf 75' lang='lat' dir='ltr'>excessu</span> <span class='ocrx_word' id='word_1_3' title='bbox 498 346 656 400; x_wconf 77' lang='lat' dir='ltr'>luousn</span> <span class='ocrx_word' id='word_1_4' title='bbox 674 349 720 400; x_wconf 93' lang='lat' dir='ltr'>1v.</span> <span class='ocrx_word' id='word_1_5' title='bbox 742 347 850 400; x_wconf 79' lang='lat' dir='ltr'>rc-rs.</span> <span class='ocrx_word' id='word_1_6' title='bbox 982 346 1041 412; x_wconf 74' lang='grc' dir='ltr'>ΠΙ</span> 
     </span>
    </p>
   </div>
   <div class='ocr_carea' id='block_1_2' title="bbox 47 541 1096 3735">
    <p class='ocr_par' dir='ltr' id='par_1_2' title="bbox 47 541 1096 1539">
     <span class='ocr_line' id='line_1_2' title="bbox 50 541 1087 628; baseline 0 -22"><span class='ocrx_word' id='word_1_7' title='bbox 50 544 189 607; x_wconf 82' lang='lat' dir='ltr'>etenim</span> <span class='ocrx_word' id='word_1_8' title='bbox 222 564 300 628; x_wconf 89' lang='lat' dir='ltr'>pars</span> <span class='ocrx_word' id='word_1_9' title='bbox 334 559 460 624; x_wconf 87' lang='lat' dir='ltr'>magna</span> <span class='ocrx_word' id='word_1_10' title='bbox 491 561 509 604; x_wconf 91' lang='lat' dir='ltr'>e</span> <span class='ocrx_word' id='word_1_11' title='bbox 538 541 734 626; x_wconf 82' lang='lat' dir='ltr'>propinquis</span> <span class='ocrx_word' id='word_1_12' title='bbox 764 541 870 625; x_wconf 89' lang='lat' dir='ltr'>ipsius</span> <span class='ocrx_word' id='word_1_13' title='bbox 894 550 953 606; x_wconf 91' lang='lat' dir='ltr'>aut</span> <span class='ocrx_word' id='word_1_14' title='bbox 976 543 1043 628; x_wconf 88' lang='lat' dir='ltr'>pri·</span> <span class='ocrx_word' id='word_1_15' title='bbox 1084 573 1087 578; x_wconf 31' lang='lat' dir='ltr'>v</span> 
     </span>
     <span class='ocr_line' id='line_1_3' title="bbox 47 645 1044 712; baseline 0.001 -2"><span class='ocrx_word' id='word_1_16' title='bbox 47 668 169 712; x_wconf 90' lang='lat' dir='ltr'>mores</span> <span class='ocrx_word' id='word_1_17' title='bbox 196 646 346 710; x_wconf 89' lang='lat' dir='ltr'>civitatis</span> <span class='ocrx_word' id='word_1_18' title='bbox 372 652 485 709; x_wconf 89' lang='lat' dir='ltr'>erant:</span> <span class='ocrx_word' id='word_1_19' title='bbox 509 652 656 709; x_wconf 90' lang='lat' dir='ltr'>ceterum</span> <span class='ocrx_word' id='word_1_20' title='bbox 678 645 714 709; x_wconf 90' lang='lat' dir='ltr'>in</span> <span class='ocrx_word' id='word_1_21' title='bbox 744 653 868 711; x_wconf 90' lang='lat' dir='ltr'>senatu</span> <span class='ocrx_word' id='word_1_22' title='bbox 890 645 1044 711; x_wconf 90' lang='lat' dir='ltr'>oratione</span> 
     </span>
     <span class='ocr_line' id='line_1_4' title="bbox 48 747 1096 834; baseline 0 -22"><span class='ocrx_word' id='word_1_23' title='bbox 48 751 194 814; x_wconf 87' lang='lat' dir='ltr'>monuit</span> <span class='ocrx_word' id='word_1_24' title='bbox 221 750 256 813; x_wconf 92' lang='lat' dir='ltr'>in</span> <span class='ocrx_word' id='word_1_25' title='bbox 284 757 470 834; x_wconf 87' lang='lat' dir='ltr'>posterum,</span> <span class='ocrx_word' id='word_1_26' title='bbox 498 769 541 812; x_wconf 90' lang='lat' dir='ltr'>ne</span> <span class='ocrx_word' id='word_1_27' title='bbox 571 749 644 834; x_wconf 93' lang='lat' dir='ltr'>quis</span> <span class='ocrx_word' id='word_1_28' title='bbox 675 747 817 814; x_wconf 81' lang='lat' dir='ltr'><strong>mobiles</strong></span> <span class='ocrx_word' id='word_1_29' title='bbox 846 748 1042 815; x_wconf 87' lang='lat' dir='ltr'>adulescen-</span> <span class='ocrx_word' id='word_1_30' title='bbox 1071 773 1096 812; x_wconf 81' lang='lat'>15</span> 
     </span>
     <span class='ocr_line' id='line_1_5' title="bbox 50 851 1045 939; baseline 0.001 -22"><span class='ocrx_word' id='word_1_31' title='bbox 50 857 143 919; x_wconf 90' lang='lat' dir='ltr'>tium</span> <span class='ocrx_word' id='word_1_32' title='bbox 171 855 301 918; x_wconf 88' lang='lat' dir='ltr'>animos</span> <span class='ocrx_word' id='word_1_33' title='bbox 325 854 549 939; x_wconf 82' lang='lat' dir='ltr'>praematuris</span> <span class='ocrx_word' id='word_1_34' title='bbox 573 852 755 918; x_wconf 85' lang='lat' dir='ltr'>honoribus</span> <span class='ocrx_word' id='word_1_35' title='bbox 785 853 830 919; x_wconf 86' lang='lat' dir='ltr'>ad</span> <span class='ocrx_word' id='word_1_36' title='bbox 852 851 1045 939; x_wconf 77' lang='lat' dir='ltr'>superbiam</span> 
     </span>
     <span class='ocr_line' id='line_1_6' title="bbox 52 953 1044 1044; baseline 0.002 -24"><span class='ocrx_word' id='word_1_37' title='bbox 52 955 255 1023; x_wconf 86' lang='lat' dir='ltr'>extolleret.</span> <span class='ocrx_word' id='word_1_38' title='bbox 301 954 453 1020; x_wconf 90' lang='lat' dir='ltr'>instabat</span> <span class='ocrx_word' id='word_1_39' title='bbox 483 957 603 1042; x_wconf 91' lang='lat' dir='ltr'>quippe</span> <span class='ocrx_word' id='word_1_40' title='bbox 627 953 769 1021; x_wconf 84' lang='lat' dir='ltr'>Seianus</span> <span class='ocrx_word' id='word_1_41' title='bbox 799 956 1044 1044; x_wconf 82' lang='lat' dir='ltr'>incusabatque</span> 
     </span>
     <span class='ocr_line' id='line_1_7' title="bbox 52 1057 1044 1147; baseline 0.001 -23"><span class='ocrx_word' id='word_1_42' title='bbox 52 1060 240 1126; x_wconf 84' lang='lat' dir='ltr'>diductam</span> <span class='ocrx_word' id='word_1_43' title='bbox 275 1061 450 1125; x_wconf 90' lang='lat' dir='ltr'>civitatem</span> <span class='ocrx_word' id='word_1_44' title='bbox 483 1070 521 1125; x_wconf 90' lang='lat' dir='ltr'>ut</span> <span class='ocrx_word' id='word_1_45' title='bbox 554 1058 646 1124; x_wconf 88' lang='lat' dir='ltr'>civili</span> <span class='ocrx_word' id='word_1_46' title='bbox 680 1057 785 1124; x_wconf 90' lang='lat' dir='ltr'>bello:</span> <span class='ocrx_word' id='word_1_47' title='bbox 821 1082 893 1125; x_wconf 89' lang='lat' dir='ltr'>esse</span> <span class='ocrx_word' id='word_1_48' title='bbox 923 1063 979 1147; x_wconf 93' lang='lat' dir='ltr'>qui</span> <span class='ocrx_word' id='word_1_49' title='bbox 1009 1084 1044 1126; x_wconf 88' lang='lat' dir='ltr'>se</span> 
     </span>
     <span class='ocr_line' id='line_1_8' title="bbox 52 1163 1043 1251; baseline 0.002 -23"><span class='ocrx_word' id='word_1_50' title='bbox 52 1166 211 1250; x_wconf 91' lang='lat' dir='ltr'>partium</span> <span class='ocrx_word' id='word_1_51' title='bbox 233 1163 442 1251; x_wconf 84' lang='lat' dir='ltr'>Agrippinae</span> <span class='ocrx_word' id='word_1_52' title='bbox 466 1173 598 1246; x_wconf 88' lang='lat' dir='ltr'>vocent,</span> <span class='ocrx_word' id='word_1_53' title='bbox 622 1188 663 1230; x_wconf 89' lang='lat' dir='ltr'>ac</span> <span class='ocrx_word' id='word_1_54' title='bbox 687 1166 723 1228; x_wconf 92' lang='lat' dir='ltr'>ni</span> <span class='ocrx_word' id='word_1_55' title='bbox 746 1167 942 1248; x_wconf 86' lang='lat' dir='ltr'>resistatur,</span> <span class='ocrx_word' id='word_1_56' title='bbox 973 1166 1043 1230; x_wconf 84' lang='lat' dir='ltr'>fore</span> 
     </span>
     <span class='ocr_line' id='line_1_9' title="bbox 53 1266 1096 1353; baseline -0.001 -23"><span class='ocrx_word' id='word_1_57' title='bbox 53 1266 186 1351; x_wconf 81' lang='lat' dir='ltr'>pluris3</span> <span class='ocrx_word' id='word_1_58' title='bbox 209 1289 316 1353; x_wconf 90' lang='lat' dir='ltr'>neque</span> <span class='ocrx_word' id='word_1_59' title='bbox 333 1266 427 1332; x_wconf 91' lang='lat' dir='ltr'>aliud</span> <span class='ocrx_word' id='word_1_60' title='bbox 443 1266 619 1351; x_wconf 87' lang='lat' dir='ltr'>gliscentis</span> <span class='ocrx_word' id='word_1_61' title='bbox 638 1266 831 1334; x_wconf 89' lang='lat' dir='ltr'>discordiae</span> <span class='ocrx_word' id='word_1_62' title='bbox 846 1269 1042 1352; x_wconf 88' lang='lat' dir='ltr'>remedium,</span> <span class='ocrx_word' id='word_1_63' title='bbox 1070 1291 1096 1330; x_wconf 80' lang='lat' dir='ltr'>ro</span> 
     </span>
     <span class='ocr_line' id='line_1_10' title="bbox 55 1369 1073 1457; baseline 0.003 -23"><span class='ocrx_word' id='word_1_64' title='bbox 55 1392 165 1454; x_wconf 91' lang='lat' dir='ltr'>quam</span> <span class='ocrx_word' id='word_1_65' title='bbox 195 1372 225 1434; x_wconf 88' lang='lat' dir='ltr'>si</span> <span class='ocrx_word' id='word_1_66' title='bbox 253 1393 340 1435; x_wconf 89' lang='lat' dir='ltr'>unus</span> <span class='ocrx_word' id='word_1_67' title='bbox 364 1369 491 1436; x_wconf 81' lang='lat' dir='ltr'>alterve</span> <span class='ocrx_word' id='word_1_68' title='bbox 522 1371 668 1435; x_wconf 89' lang='lat' dir='ltr'>maxime</span> <span class='ocrx_word' id='word_1_69' title='bbox 695 1373 842 1457; x_wconf 89' lang='lat' dir='ltr'>prompti</span> <span class='ocrx_word' id='word_1_70' title='bbox 872 1371 1042 1439; x_wconf 89' lang='lat' dir='ltr'>subverte-</span> <span class='ocrx_word' id='word_1_71' title='bbox 1069 1442 1073 1452; x_wconf 33' lang='lat'><strong><em>¹</em></strong></span> 
     </span>
     <span class='ocr_line' id='line_1_11' title="bbox 56 1484 189 1539; baseline 0.008 -1"><span class='ocrx_word' id='word_1_72' title='bbox 56 1484 189 1539; x_wconf 87' lang='lat' dir='ltr'>rentur.</span> 
     </span>
    </p>

    <p class='ocr_par' dir='ltr' id='par_1_3' title="bbox 59 1575 1096 3115">
     <span class='ocr_line' id='line_1_12' title="bbox 168 1575 1043 1658; baseline 0.005 -18"><span class='ocrx_word' id='word_1_73' title='bbox 168 1577 218 1642; x_wconf 88' lang='lat'>18.</span> <span class='ocrx_word' id='word_1_74' title='bbox 243 1577 318 1658; x_wconf 79' lang='lat' dir='ltr'>Qua</span> <span class='ocrx_word' id='word_1_75' title='bbox 341 1597 446 1642; x_wconf 89' lang='lat' dir='ltr'>causa</span> <span class='ocrx_word' id='word_1_76' title='bbox 470 1575 506 1641; x_wconf 79' lang='lat' dir='ltr'>O.</span> <span class='ocrx_word' id='word_1_77' title='bbox 532 1575 650 1643; x_wconf 88' lang='lat' dir='ltr'>Silium</span> <span class='ocrx_word' id='word_1_78' title='bbox 674 1587 708 1643; x_wconf 93' lang='lat' dir='ltr'>et</span> <span class='ocrx_word' id='word_1_79' title='bbox 730 1579 857 1644; x_wconf 85' lang='lat' dir='ltr'>Titium</span> <span class='ocrx_word' id='word_1_80' title='bbox 881 1578 1043 1644; x_wconf 90' lang='lat' dir='ltr'>Sabinum</span> 
     </span>
     <span class='ocr_line' id='line_1_13' title="bbox 59 1678 1043 1770; baseline 0.002 -24"><span class='ocrx_word' id='word_1_81' title='bbox 59 1680 274 1767; x_wconf 86' lang='lat' dir='ltr'>adgreditur.</span> <span class='ocrx_word' id='word_1_82' title='bbox 299 1681 452 1746; x_wconf 89' lang='lat' dir='ltr'>amicitia</span> <span class='ocrx_word' id='word_1_83' title='bbox 468 1678 664 1746; x_wconf 81' lang='lat' dir='ltr'>Germanici</span> <span class='ocrx_word' id='word_1_84' title='bbox 686 1683 877 1769; x_wconf 89' lang='lat' dir='ltr'>perniciosa</span> <span class='ocrx_word' id='word_1_85' title='bbox 900 1684 1043 1770; x_wconf 85' lang='lat' dir='ltr'>utrique,</span> 
     </span>
     <span class='ocr_line' id='line_1_14' title="bbox 60 1782 1042 1872; baseline 0.001 -22"><span class='ocrx_word' id='word_1_86' title='bbox 60 1783 147 1850; x_wconf 86' lang='lat' dir='ltr'>Silio</span> <span class='ocrx_word' id='word_1_87' title='bbox 173 1795 206 1850; x_wconf 91' lang='lat' dir='ltr'>et</span> <span class='ocrx_word' id='word_1_88' title='bbox 229 1782 319 1870; x_wconf 90' lang='lat' dir='ltr'>quod</span> <span class='ocrx_word' id='word_1_89' title='bbox 342 1785 491 1868; x_wconf 89' lang='lat' dir='ltr'>ingentis</span> <span class='ocrx_word' id='word_1_90' title='bbox 509 1787 678 1850; x_wconf 91' lang='lat' dir='ltr'>exercitus</span> <span class='ocrx_word' id='word_1_91' title='bbox 704 1796 832 1872; x_wconf 89' lang='lat' dir='ltr'>septem</span> <span class='ocrx_word' id='word_1_92' title='bbox 852 1807 913 1871; x_wconf 93' lang='lat' dir='ltr'>per</span> <span class='ocrx_word' id='word_1_93' title='bbox 935 1807 1042 1852; x_wconf 87' lang='lat' dir='ltr'>annos</span> 
     </span>
     <span class='ocr_line' id='line_1_15' title="bbox 59 1886 1043 1975; baseline 0 -21"><span class='ocrx_word' id='word_1_94' title='bbox 59 1889 257 1954; x_wconf 89' lang='lat' dir='ltr'>moderator</span> <span class='ocrx_word' id='word_1_95' title='bbox 278 1889 450 1975; x_wconf 88' lang='lat' dir='ltr'>partisque</span> <span class='ocrx_word' id='word_1_96' title='bbox 474 1888 565 1974; x_wconf 90' lang='lat' dir='ltr'>apud</span> <span class='ocrx_word' id='word_1_97' title='bbox 588 1886 806 1954; x_wconf 80' lang='lat' dir='ltr'>Germaniam</span> <span class='ocrx_word' id='word_1_98' title='bbox 835 1888 1043 1975; x_wconf 90' lang='lat' dir='ltr'>triumphali-</span> 
     </span>
     <span class='ocr_line' id='line_1_16' title="bbox 59 1991 1083 2080; baseline -0.005 -21"><span class='ocrx_word' id='word_1_99' title='bbox 59 1993 124 2059; x_wconf 88' lang='lat' dir='ltr'>bus</span> <span class='ocrx_word' id='word_1_100' title='bbox 151 1992 384 2059; x_wconf 84' lang='lat' dir='ltr'>Sacroviriani</span> <span class='ocrx_word' id='word_1_101' title='bbox 406 1991 489 2057; x_wconf 93' lang='lat' dir='ltr'>belli</span> <span class='ocrx_word' id='word_1_102' title='bbox 511 1995 632 2079; x_wconf 78' lang='lat' dir='ltr'>vietor,</span> <span class='ocrx_word' id='word_1_103' title='bbox 656 2003 782 2080; x_wconf 90' lang='lat' dir='ltr'>quanto</span> <span class='ocrx_word' id='word_1_104' title='bbox 805 1995 933 2058; x_wconf 88' lang='lat' dir='ltr'>maiore</span> <span class='ocrx_word' id='word_1_105' title='bbox 955 1992 1043 2058; x_wconf 90' lang='lat' dir='ltr'>mole</span> <span class='ocrx_word' id='word_1_106' title='bbox 1070 2015 1083 2054; x_wconf 77' lang='lat' dir='ltr'>o</span> 
     </span>
     <span class='ocr_line' id='line_1_17' title="bbox 60 2094 1043 2183; baseline 0 -22"><span class='ocrx_word' id='word_1_107' title='bbox 60 2097 265 2183; x_wconf 88' lang='lat' dir='ltr'>procideret,</span> <span class='ocrx_word' id='word_1_108' title='bbox 288 2096 362 2183; x_wconf 88' lang='lat' dir='ltr'>plus</span> <span class='ocrx_word' id='word_1_109' title='bbox 386 2095 575 2162; x_wconf 87' lang='lat' dir='ltr'>formidinis</span> <span class='ocrx_word' id='word_1_110' title='bbox 606 2097 640 2160; x_wconf 88' lang='lat' dir='ltr'>in</span> <span class='ocrx_word' id='word_1_111' title='bbox 664 2096 749 2161; x_wconf 93' lang='lat' dir='ltr'>alios</span> <span class='ocrx_word' id='word_1_112' title='bbox 775 2094 1043 2182; x_wconf 86' lang='lat' dir='ltr'>dispergebatur.</span> 
     </span>
     <span class='ocr_line' id='line_1_18' title="bbox 62 2199 1043 2288; baseline 0.001 -23"><span class='ocrx_word' id='word_1_113' title='bbox 62 2201 250 2266; x_wconf 89' lang='lat' dir='ltr'>credebant</span> <span class='ocrx_word' id='word_1_114' title='bbox 272 2201 423 2288; x_wconf 88' lang='lat' dir='ltr'>plerique</span> <span class='ocrx_word' id='word_1_115' title='bbox 454 2209 589 2265; x_wconf 79' lang='lat' dir='ltr'>auctam</span> <span class='ocrx_word' id='word_1_116' title='bbox 621 2199 838 2266; x_wconf 84' lang='lat' dir='ltr'>offensionem</span> <span class='ocrx_word' id='word_1_117' title='bbox 866 2202 970 2286; x_wconf 91' lang='lat' dir='ltr'>ipsius</span> <span class='ocrx_word' id='word_1_118' title='bbox 994 2203 1043 2266; x_wconf 89' lang='lat' dir='ltr'>in-</span> 
     </span>
     <span class='ocr_line' id='line_1_19' title="bbox 63 2301 1043 2391; baseline 0.002 -23"><span class='ocrx_word' id='word_1_119' title='bbox 63 2307 304 2391; x_wconf 84' lang='lat' dir='ltr'>temperantia,</span> <span class='ocrx_word' id='word_1_120' title='bbox 335 2303 511 2369; x_wconf 91' lang='lat' dir='ltr'>immodice</span> <span class='ocrx_word' id='word_1_121' title='bbox 535 2305 696 2368; x_wconf 90' lang='lat' dir='ltr'>iactantis</span> <span class='ocrx_word' id='word_1_122' title='bbox 721 2325 816 2368; x_wconf 92' lang='lat' dir='ltr'>suum</span> <span class='ocrx_word' id='word_1_123' title='bbox 844 2301 986 2369; x_wconf 89' lang='lat' dir='ltr'>militem</span> <span class='ocrx_word' id='word_1_124' title='bbox 1008 2307 1043 2370; x_wconf 93' lang='lat' dir='ltr'>in</span> 
     </span>
     <span class='ocr_line' id='line_1_20' title="bbox 64 2406 1044 2496; baseline 0.002 -24"><span class='ocrx_word' id='word_1_125' title='bbox 64 2408 223 2496; x_wconf 89' lang='lat' dir='ltr'>obsequio</span> <span class='ocrx_word' id='word_1_126' title='bbox 249 2407 442 2490; x_wconf 84' lang='lat' dir='ltr'>duravisse,</span> <span class='ocrx_word' id='word_1_127' title='bbox 472 2429 548 2472; x_wconf 89' lang='lat' dir='ltr'>oum</span> <span class='ocrx_word' id='word_1_128' title='bbox 569 2406 630 2471; x_wconf 93' lang='lat' dir='ltr'>alii</span> <span class='ocrx_word' id='word_1_129' title='bbox 660 2406 704 2471; x_wconf 87' lang='lat' dir='ltr'>ad</span> <span class='ocrx_word' id='word_1_130' title='bbox 727 2406 909 2472; x_wconf 86' lang='lat' dir='ltr'>seditiones</span> <span class='ocrx_word' id='word_1_131' title='bbox 932 2408 1044 2494; x_wconf 61' lang='lat' dir='ltr'>prola«</span> 
     </span>
     <span class='ocr_line' id='line_1_21' title="bbox 62 2509 1096 2598; baseline -0.007 -22"><span class='ocrx_word' id='word_1_132' title='bbox 62 2511 240 2596; x_wconf 81' lang='lat' dir='ltr'>berentur3</span> <span class='ocrx_word' id='word_1_133' title='bbox 277 2533 385 2598; x_wconf 89' lang='lat' dir='ltr'>neque</span> <span class='ocrx_word' id='word_1_134' title='bbox 413 2533 609 2577; x_wconf 90' lang='lat' dir='ltr'>mansurum</span> <span class='ocrx_word' id='word_1_135' title='bbox 631 2509 767 2575; x_wconf 84' lang='lat' dir='ltr'>Tiberio</span> <span class='ocrx_word' id='word_1_136' title='bbox 791 2511 984 2596; x_wconf 86' lang='lat' dir='ltr'>imperium,</span> <span class='ocrx_word' id='word_1_137' title='bbox 1014 2515 1043 2578; x_wconf 88' lang='lat' dir='ltr'>si</span> <span class='ocrx_word' id='word_1_138' title='bbox 1071 2532 1096 2571; x_wconf 83' lang='lat' dir='ltr'>ro</span> 
     </span>
     <span class='ocr_line' id='line_1_22' title="bbox 65 2613 1043 2703; baseline 0 -23"><span class='ocrx_word' id='word_1_139' title='bbox 65 2618 103 2680; x_wconf 91' lang='lat' dir='ltr'>iis</span> <span class='ocrx_word' id='word_1_140' title='bbox 128 2638 260 2703; x_wconf 91' lang='lat' dir='ltr'>quoque</span> <span class='ocrx_word' id='word_1_141' title='bbox 282 2614 472 2699; x_wconf 86' lang='lat' dir='ltr'>legionibus</span> <span class='ocrx_word' id='word_1_142' title='bbox 497 2613 619 2700; x_wconf 90' lang='lat' dir='ltr'>cupido</span> <span class='ocrx_word' id='word_1_143' title='bbox 642 2614 792 2679; x_wconf 87' lang='lat' dir='ltr'>novandi</span> <span class='ocrx_word' id='word_1_144' title='bbox 815 2613 945 2679; x_wconf 84' lang='lat' dir='ltr'>fuisset.</span> <span class='ocrx_word' id='word_1_145' title='bbox 988 2614 1043 2680; x_wconf 91' lang='lat' dir='ltr'>de-</span> 
     </span>
     <span class='ocr_line' id='line_1_23' title="bbox 65 2715 1048 2806; baseline 0.001 -23"><span class='ocrx_word' id='word_1_146' title='bbox 65 2721 150 2784; x_wconf 82' lang='lat' dir='ltr'>strui</span> <span class='ocrx_word' id='word_1_147' title='bbox 171 2741 232 2806; x_wconf 89' lang='lat' dir='ltr'>per</span> <span class='ocrx_word' id='word_1_148' title='bbox 254 2719 338 2785; x_wconf 87' lang='lat' dir='ltr'>haee</span> <span class='ocrx_word' id='word_1_149' title='bbox 361 2719 530 2784; x_wconf 89' lang='lat' dir='ltr'>fortunam</span> <span class='ocrx_word' id='word_1_150' title='bbox 553 2739 648 2782; x_wconf 87' lang='lat' dir='ltr'>suam</span> <span class='ocrx_word' id='word_1_151' title='bbox 671 2715 798 2782; x_wconf 77' lang='lat' dir='ltr'>Caesar</span> <span class='ocrx_word' id='word_1_152' title='bbox 827 2716 1048 2804; x_wconf 65' lang='lat' dir='ltr'>inparemque&#39;</span> 
     </span>
     <span class='ocr_line' id='line_1_24' title="bbox 64 2818 1043 2908; baseline -0.002 -19"><span class='ocrx_word' id='word_1_153' title='bbox 64 2834 161 2890; x_wconf 87' lang='lat' dir='ltr'>tanto</span> <span class='ocrx_word' id='word_1_154' title='bbox 195 2825 314 2888; x_wconf 90' lang='lat' dir='ltr'>merito</span> <span class='ocrx_word' id='word_1_155' title='bbox 355 2820 504 2887; x_wconf 89' lang='lat' dir='ltr'>rebatur.</span> <span class='ocrx_word' id='word_1_156' title='bbox 550 2844 629 2886; x_wconf 86' lang='lat' dir='ltr'>nam</span> <span class='ocrx_word' id='word_1_157' title='bbox 663 2818 830 2885; x_wconf 90' lang='lat' dir='ltr'>beneficia</span> <span class='ocrx_word' id='word_1_158' title='bbox 865 2842 903 2884; x_wconf 93' lang='lat' dir='ltr'>eo</span> <span class='ocrx_word' id='word_1_159' title='bbox 937 2843 1043 2908; x_wconf 90' lang='lat' dir='ltr'>usque</span> 
     </span>
     <span class='ocr_line' id='line_1_25' title="bbox 62 2924 1043 3010; baseline 0 -19"><span class='ocrx_word' id='word_1_160' title='bbox 62 2926 267 3010; x_wconf 70' lang='lat' dir='ltr'>lactescunt,</span> <span class='ocrx_word' id='word_1_161' title='bbox 292 2926 369 2992; x_wconf 91' lang='lat' dir='ltr'>dum</span> <span class='ocrx_word' id='word_1_162' title='bbox 393 2925 553 2992; x_wconf 89' lang='lat' dir='ltr'>videntur</span> <span class='ocrx_word' id='word_1_163' title='bbox 576 2924 708 2990; x_wconf 85' lang='lat' dir='ltr'>exsolvi</span> <span class='ocrx_word' id='word_1_164' title='bbox 729 2944 845 3010; x_wconf 90' lang='lat' dir='ltr'>posse:</span> <span class='ocrx_word' id='word_1_165' title='bbox 874 2924 932 2989; x_wconf 92' lang='lat' dir='ltr'>ubi</span> <span class='ocrx_word' id='word_1_166' title='bbox 960 2925 1043 2991; x_wconf 93' lang='lat' dir='ltr'>mul-</span> 
     </span>
     <span class='ocr_line' id='line_1_26' title="bbox 64 3026 1095 3115; baseline -0.005 -18"><span class='ocrx_word' id='word_1_167' title='bbox 64 3041 134 3097; x_wconf 86' lang='lat' dir='ltr'>tum</span> <span class='ocrx_word' id='word_1_168' title='bbox 156 3041 373 3115; x_wconf 78' lang='lat' dir='ltr'>antevenere,</span> <span class='ocrx_word' id='word_1_169' title='bbox 397 3051 457 3115; x_wconf 91' lang='lat' dir='ltr'>pro</span> <span class='ocrx_word' id='word_1_170' title='bbox 481 3031 594 3114; x_wconf 86' lang='lat' dir='ltr'>gratia</span> <span class='ocrx_word' id='word_1_171' title='bbox 618 3027 729 3094; x_wconf 91' lang='lat' dir='ltr'>odium</span> <span class='ocrx_word' id='word_1_172' title='bbox 752 3026 917 3093; x_wconf 87' lang='lat' dir='ltr'>redditur.</span> <span class='ocrx_word' id='word_1_173' title='bbox 1071 3045 1095 3085; x_wconf 83' lang='lat'>1⁵</span> 
     </span>
    </p>

    <p class='ocr_par' dir='ltr' id='par_1_4' title="bbox 65 3129 1082 3735">
     <span class='ocr_line' id='line_1_27' title="bbox 169 3129 1042 3213; baseline -0.001 -16"><span class='ocrx_word' id='word_1_174' title='bbox 169 3134 219 3198; x_wconf 89' lang='lat'>19.</span> <span class='ocrx_word' id='word_1_175' title='bbox 255 3134 340 3201; x_wconf 84' lang='lat' dir='ltr'>Erat</span> <span class='ocrx_word' id='word_1_176' title='bbox 373 3155 460 3199; x_wconf 87' lang='lat' dir='ltr'>uxor</span> <span class='ocrx_word' id='word_1_177' title='bbox 493 3131 577 3198; x_wconf 83' lang='lat' dir='ltr'>Silio</span> <span class='ocrx_word' id='word_1_178' title='bbox 613 3131 711 3198; x_wconf 86' lang='lat' dir='ltr'>Sosia</span> <span class='ocrx_word' id='word_1_179' title='bbox 747 3129 864 3213; x_wconf 82' lang='lat' dir='ltr'>Galla,</span> <span class='ocrx_word' id='word_1_180' title='bbox 899 3133 1042 3197; x_wconf 87' lang='lat' dir='ltr'>caritate</span> 
     </span>
     <span class='ocr_line' id='line_1_28' title="bbox 65 3234 1043 3324; baseline -0.005 -20"><span class='ocrx_word' id='word_1_181' title='bbox 65 3238 273 3324; x_wconf 89' lang='lat' dir='ltr'>Agrippinae</span> <span class='ocrx_word' id='word_1_182' title='bbox 296 3237 407 3302; x_wconf 88' lang='lat' dir='ltr'>invisa</span> <span class='ocrx_word' id='word_1_183' title='bbox 430 3238 584 3324; x_wconf 88' lang='lat' dir='ltr'>principi.</span> <span class='ocrx_word' id='word_1_184' title='bbox 629 3235 690 3301; x_wconf 93' lang='lat' dir='ltr'>hos</span> <span class='ocrx_word' id='word_1_185' title='bbox 715 3237 838 3321; x_wconf 91' lang='lat' dir='ltr'>corripi</span> <span class='ocrx_word' id='word_1_186' title='bbox 868 3234 974 3301; x_wconf 87' lang='lat' dir='ltr'>dilato</span> <span class='ocrx_word' id='word_1_187' title='bbox 998 3234 1043 3299; x_wconf 92' lang='lat' dir='ltr'>ad</span> 
     </span>
     <span class='ocr_line' id='line_1_29' title="bbox 65 3338 1043 3428; baseline -0.004 -22"><span class='ocrx_word' id='word_1_188' title='bbox 65 3352 193 3428; x_wconf 89' lang='lat' dir='ltr'>tempus</span> <span class='ocrx_word' id='word_1_189' title='bbox 219 3339 345 3406; x_wconf 87' lang='lat' dir='ltr'>Sabino</span> <span class='ocrx_word' id='word_1_190' title='bbox 375 3340 555 3427; x_wconf 90' lang='lat' dir='ltr'>placitum,</span> <span class='ocrx_word' id='word_1_191' title='bbox 585 3341 808 3425; x_wconf 85' lang='lat' dir='ltr'>inmissusque</span> <span class='ocrx_word' id='word_1_192' title='bbox 830 3338 940 3403; x_wconf 91' lang='lat' dir='ltr'>Varro</span> <span class='ocrx_word' id='word_1_193' title='bbox 964 3359 1043 3404; x_wconf 92' lang='lat' dir='ltr'>con·</span> 
     </span>
     <span class='ocr_line' id='line_1_30' title="bbox 67 3440 1042 3531; baseline -0.003 -22"><span class='ocrx_word' id='word_1_194' title='bbox 67 3445 132 3528; x_wconf 87' lang='lat' dir='ltr'>sul,</span> <span class='ocrx_word' id='word_1_195' title='bbox 156 3445 212 3530; x_wconf 92' lang='lat' dir='ltr'>qui</span> <span class='ocrx_word' id='word_1_196' title='bbox 242 3454 402 3531; x_wconf 87' lang='lat' dir='ltr'>paternas</span> <span class='ocrx_word' id='word_1_197' title='bbox 433 3445 628 3510; x_wconf 89' lang='lat' dir='ltr'>inimicitias</span> <span class='ocrx_word' id='word_1_198' title='bbox 659 3441 846 3508; x_wconf 90' lang='lat' dir='ltr'>obtendens</span> <span class='ocrx_word' id='word_1_199' title='bbox 874 3441 960 3508; x_wconf 91' lang='lat' dir='ltr'>odiis</span> <span class='ocrx_word' id='word_1_200' title='bbox 985 3440 1042 3506; x_wconf 82' lang='lat' dir='ltr'>Se-</span> 
     </span>
     <span class='ocr_line' id='line_1_31' title="bbox 68 3547 1082 3636; baseline -0.006 -22"><span class='ocrx_word' id='word_1_201' title='bbox 68 3551 132 3614; x_wconf 91' lang='lat' dir='ltr'>iani</span> <span class='ocrx_word' id='word_1_202' title='bbox 157 3571 219 3636; x_wconf 91' lang='lat' dir='ltr'>per</span> <span class='ocrx_word' id='word_1_203' title='bbox 235 3548 381 3614; x_wconf 91' lang='lat' dir='ltr'>dedecus</span> <span class='ocrx_word' id='word_1_204' title='bbox 398 3571 494 3614; x_wconf 92' lang='lat' dir='ltr'>suum</span> <span class='ocrx_word' id='word_1_205' title='bbox 510 3547 779 3633; x_wconf 84' lang='lat' dir='ltr'>gratificabatur.</span> <span class='ocrx_word' id='word_1_206' title='bbox 801 3554 963 3633; x_wconf 85' lang='lat' dir='ltr'>precante</span> <span class='ocrx_word' id='word_1_207' title='bbox 984 3567 1042 3611; x_wconf 91' lang='lat' dir='ltr'>reo</span> <span class='ocrx_word' id='word_1_208' title='bbox 1069 3563 1082 3602; x_wconf 80' lang='lat' dir='ltr'>o</span> 
     </span>
     <span class='ocr_line' id='line_1_32' title="bbox 69 3647 1041 3735; baseline -0.006 -17"><span class='ocrx_word' id='word_1_209' title='bbox 69 3649 199 3718; x_wconf 83' lang='lat' dir='ltr'>brevem</span> <span class='ocrx_word' id='word_1_210' title='bbox 223 3649 366 3735; x_wconf 86' lang='lat' dir='ltr'>moram,</span> <span class='ocrx_word' id='word_1_211' title='bbox 404 3652 481 3718; x_wconf 90' lang='lat' dir='ltr'>dum</span> <span class='ocrx_word' id='word_1_212' title='bbox 505 3662 684 3717; x_wconf 91' lang='lat' dir='ltr'>aecusator</span> <span class='ocrx_word' id='word_1_213' title='bbox 713 3648 892 3715; x_wconf 80' lang='lat' dir='ltr'>consulatu</span> <span class='ocrx_word' id='word_1_214' title='bbox 920 3647 1041 3732; x_wconf 86' lang='lat' dir='ltr'>abiret,</span> 
     </span>
    </p>
   </div>
   <div class='ocr_carea' id='block_1_3' title="bbox 0 0 1300 4084">
    <p class='ocr_par' dir='ltr' id='par_1_5' title="bbox 0 0 1300 4084">
     <span class='ocr_line' id='line_1_33' title="bbox 0 0 1300 4084; baseline 0 0"><span class='ocrx_word' id='word_1_215' title='bbox 0 0 1300 4084; x_wconf 95' lang='lat' dir='ltr'> </span> 
     </span>
    </p>
   </div>
  </div>
 </body>
</html>
