2552 4084
205 301 248 368 92
537 299 711 353 CORNELII
729 297 851 350 TACI'PI

204 500 359 580 peratore
388 513 428 557 ea
455 490 529 557 fieri
551 489 703 558 occultus
725 511 837 556 rumor
863 487 1055 556 incedebat.
1101 499 1185 556 nota

154 615 180 659 as
205 595 289 662 haec
319 591 536 680 Germanico,
572 594 632 661 sed
658 595 827 681 praeverti
856 592 901 659 ad
929 591 1107 660 Armenios
1138 595 1187 659 in-

207 699 351 766 stantior
374 721 454 765 cura
477 698 550 765 fuit.

308 799 359 866 56.
383 800 552 885 Ambigua
575 821 657 886 gens
683 825 723 867 ea
739 803 925 888 antiquitus
947 801 1122 868 hominum
1138 804 1187 866 in-

206 906 315 992 geniis
339 913 373 971 et
396 905 465 971 situ
487 915 662 989 terrarum,
686 907 843 991 quoniam
857 908 983 971 nostris
999 906 1189 992 provinciis

205 1008 274 1076 late
297 1017 474 1096 praetenta
496 1009 630 1095 penitus
654 1007 699 1074 ad
714 1007 831 1074 Medos
854 1010 1053 1095 porrigitur3
1076 1012 1190 1075 maxi-

204 1115 332 1200 misque
370 1112 517 1199 imperiis
558 1112 727 1178 interiecti
765 1121 800 1178 et
837 1113 969 1199 saepius
1009 1113 1189 1180 discordes
1273 1169 1274 1180 ,

166 1237 179 1280 a
207 1226 301 1303 sunt,
330 1216 492 1283 adversus
515 1215 684 1282 Romanos
713 1213 790 1282 odio
820 1225 853 1282 et
881 1217 916 1281 in
943 1217 1107 1283 Parthum
1137 1220 1189 1282 in·

205 1318 308 1387 vidia.
331 1341 445 1405 regem
467 1319 526 1384 illa
551 1329 751 1405 tempestate
773 1341 841 1384 non
863 1317 1046 1405 habebant,
1071 1331 1189 1387 amoto

204 1423 359 1490 Vonone:
383 1422 443 1490 sed
458 1424 555 1489 favor
580 1424 728 1490 nationis
743 1422 931 1489 inclinabat
953 1425 988 1489 in
1004 1424 1191 1508 Zenonem,

204 1527 392 1594 Polemonis
423 1528 513 1612 regis
536 1529 670 1595 Pontici
691 1526 810 1610 filium,
839 1525 929 1613 quod
950 1527 978 1592 is
1006 1529 1118 1613 p'rima
1143 1528 1189 1593 ab

205 1631 349 1698 infantia
378 1632 535 1698 instituta
564 1641 598 1696 et
626 1630 753 1697 cultum
775 1628 1008 1696 Armeniorum
1035 1631 1189 1697 aemula·
1274 1621 1275 1666 Ψ

153 1753 178 1797 m
206 1743 269 1819 tus,
292 1745 419 1802 venatu
441 1735 547 1823 epulis
572 1745 606 1800 et
629 1756 715 1821 qnae
738 1734 807 1801 alia
829 1733 968 1800 barbari
997 1734 1189 1818 celebrant,

203 1860 360 1926 proceros
382 1838 578 1926 plebemque
602 1840 698 1904 iuxta
724 1837 933 1905 devinxerat.
971 1839 1077 1923 igitur
1101 1837 1188 1906 Ger-

204 1943 354 2010 manicus
378 1944 413 2008 in
436 1942 517 2009 urbe
533 1941 704 2008 Artaxata
720 1940 985 2029 adprobantibus
1000 1940 1188 2026 nobilibus,

204 2046 405 2113 circumfusa
428 2045 653 2130 multitudine,
676 2047 808 2131 insigne
831 2047 961 2130 regium
983 2047 1089 2132 capiti
1111 2047 1186 2112 eius

205 2151 371 2237 imposuit.
402 2151 507 2216 ceteri
535 2159 736 2217 venerantes
765 2169 878 2234 regem
901 2148 1082 2216 Artaxiam
1105 2173 1186 2216 con-

152 2275 178 2316 ns
206 2253 408 2338 salutavere,
432 2253 521 2341 quod
545 2254 595 2319 illi
618 2251 819 2320 vocabulum
842 2252 1035 2319 indiderant
1057 2277 1103 2319 ex
1125 2276 1185 2319 no-

203 2357 292 2424 mine
314 2356 417 2424 urbis.
454 2367 490 2422 at
513 2355 732 2444 Cappadoces
763 2358 796 2422 in
820 2357 961 2422 formam
987 2358 1186 2443 provinciae

205 2461 337 2530 redacti
368 2460 408 2543 Q.
431 2461 614 2527 Veranium
642 2461 792 2545 legatum
814 2483 991 2547 accepere3
1025 2470 1058 2526 et
1083 2484 1185 2548 quae·

206 2565 283 2632 dam
306 2587 350 2630 ex
377 2567 480 2650 regiis
504 2566 640 2632 tributis
674 2565 860 2648 deminuta,
890 2585 953 2650 quo
982 2565 1095 2630 mitius
1118 2564 1185 2630 Ro-

204 2691 339 2737 manum
362 2670 536 2756 imperium
559 2678 759 2757 speraretur.
783 2666 1018 2752 Commagenis
1042 2666 1082 2749 Q.
1108 2665 1185 2734 Ser-

152 2793 178 2835 so
205 2794 309 2839 vasus
337 2773 573 2859 praeponitur,
596 2781 667 2837 tum
693 2773 836 2858 primum
863 2771 909 2837 ad
936 2772 988 2836 ius
1014 2773 1184 2857 praetoris

204 2875 392 2943 translatis.

307 2977 358 3043 57.
374 2976 571 3066 Cunctaque
588 2977 728 3046 socialia
740 2999 897 3066 prospere
914 2978 1100 3063 composita
1115 2999 1185 3042 non

204 3081 280 3148 ideo
303 3081 429 3148 laetum
453 3079 693 3148 Germanicum
714 3081 889 3148 habebant
920 3080 961 3146 ob
991 3079 1184 3166 superbiam

202 3185 351 3269 Pisonis,
383 3185 439 3272 qui
461 3186 572 3252 iussus
595 3194 727 3272 partem
750 3185 919 3270 legionum
947 3186 1019 3270 ipse
1042 3187 1102 3250 aut
1123 3206 1185 3270 per

201 3289 307 3355 filium
334 3290 369 3355 in
398 3286 592 3356 Armeniam
621 3288 742 3355 ducere
770 3298 944 3375 utrumque
972 3287 1182 3372 neglexerat.

164 3412 177 3453 s
202 3392 301 3480 Oyrri
324 3392 455 3459 demum
477 3391 567 3479 apud
588 3391 729 3458 hiberna
754 3391 913 3458 decumae
935 3391 1079 3476 legionis
1104 3414 1183 3458 con-

202 3519 333 3580 venere,
355 3495 486 3562 firmato
511 3494 620 3577 vultu,
643 3495 720 3559 Piso
744 3493 906 3561 adversus
930 3505 1069 3580 metum,
1098 3492 1182 3562 Ger-

202 3601 365 3682 manicus,
389 3620 431 3663 ne
453 3599 574 3664 minari
598 3596 808 3682 crederetur3
832 3608 866 3664 et
889 3607 972 3684 erat,
995 3608 1032 3665 ut
1054 3597 1181 3684 rettuli,
