2534 4084
381 329 586 382 rnxunurio
606 330 751 382 osuriox
971 332 1056 396 XXI

68 531 184 588 tatem
208 530 342 588 secutus
365 543 424 609 pro
447 519 593 587 lectione
616 519 744 586 codicis
768 518 847 605 eliu,
870 521 961 608 quod
982 544 1055 608 pro-

69 647 199 690 nomen
221 633 313 690 recte
336 647 373 689 se
395 622 521 689 habere
544 625 676 709 nequit,
701 622 797 688 aliter
817 623 910 688 salve
931 627 1054 712 recepi.

67 764 113 774 -
140 727 224 794 ibid.
254 726 292 791 19
315 727 463 794 Pichena
486 736 577 794 recte
599 749 659 814 pro
683 727 810 793 tradito
834 727 921 792 exitu
943 730 1055 794 conie-

69 834 120 897 cit
146 829 250 895 esitii.
274 867 314 878 --
344 830 427 897 ibid.
457 828 499 894 20
521 830 725 919 particulam
756 830 839 912 qued
869 842 947 918 post
977 835 1054 914 tum,

70 957 163 1020 quae
194 943 388 1000 contextum
425 934 618 1022 perturbat,
651 938 812 1022 expunxi.
858 936 948 1002 idem
975 936 1056 1002 fecit

70 1036 257 1103 Gitlbauer
284 1039 319 1103 in
350 1037 498 1104 editione
521 1061 593 1110 sua.
616 1074 659 1084 -
688 1061 761 1127 cap.
792 1038 843 1122 40,
853 1038 896 1103 24
924 1061 1054 1106 correc-

69 1142 203 1207 tionem
217 1140 377 1208 Beroaldi
392 1142 493 1207 invito
509 1167 569 1231 pro
584 1143 706 1210 mendo
722 1144 903 1209 manifesto
927 1142 1054 1209 codicis

72 1245 178 1310 invite
194 1249 314 1334 recepi.
338 1271 469 1335 -cap
492 1246 595 1332 44,10
611 1257 691 1316 aute
708 1247 895 1318 ablativum
917 1248 1056 1312 eremita

70 1351 358 1436 praepositionem
370 1369 441 1415 cmm
453 1351 646 1420 addendam
659 1374 790 1418 censeo.
807 1386 849 1398 -
861 1372 934 1438 cap.
951 1349 1003 1434 50,
1014 1351 1053 1415 13

71 1452 228 1519 Ricklefs
257 1454 343 1520 bene
372 1455 537 1521 traditum
556 1473 729 1535 properum
756 1457 792 1521 in
811 1454 1054 1535 properandum

72 1558 235 1640 correxit,
260 1580 359 1644 quam
374 1560 604 1626 coniecturam
619 1579 696 1624 eum
712 1556 911 1624 Gitlbauero
929 1559 963 1624 in
979 1567 1052 1624 tex·

73 1670 145 1726 tum
168 1661 291 1746 recepi.
315 1695 355 1706 -
380 1683 453 1747 cap.
477 1659 561 1745 53‚7
585 1661 754 1744 lacunam,
784 1682 869 1746 quae
897 1670 974 1748 post
1005 1662 1053 1725 ci·

73 1763 172 1825 ritate
202 1772 328 1847 exstat,
364 1764 471 1831 tribus
500 1765 551 1830 his
581 1766 696 1831 verbis
731 1763 881 1851 explevi:
909 1763 1053 1846 inciperes

72 1866 168 1944 viros,
203 1866 268 1947 qui.
314 1890 358 1933 an
391 1870 502 1954 potius
528 1869 744 1935 scribendum
768 1867 898 1949 estqui
925 1867 1055 1931 domum

72 1969 195 2033 suam?
221 2004 264 2015 -
293 1993 367 2057 cap.
398 1969 498 2055 71‚17
527 1971 659 2038 Mureto
688 1982 827 2038 auctore
854 1970 1053 2053 opperiretur

73 2096 134 2159 pro
156 2073 285 2140 tradito
309 2074 513 2155 aperirentur
536 2077 665 2163 scripsi.
700 2110 742 2121 -
777 2097 852 2162 cap.
885 2074 962 2157 723
992 2098 1051 2162 pro

72 2178 203 2244 codicis
219 2177 364 2245 lectione
380 2179 517 2242 iusserat
534 2181 658 2266 optime
674 2181 820 2246 coniecit
837 2178 1052 2245 Cornelissen

71 2282 275 2347 iniunxerat.

176 2385 218 2469 V,
251 2385 311 2470 7‚1
346 2385 498 2450 adsistere
531 2397 667 2474 propter
702 2389 880 2474 insequens
913 2388 1052 2473 partici-

73 2491 163 2576 pium
197 2487 361 2553 dimitteres
395 2491 429 2554 in
460 2488 608 2554 absistere
636 2491 835 2556 mutandum
864 2512 938 2557 esse
961 2499 1052 2556 recte

73 2595 201 2660 monuit
223 2593 379 2662 Pfitzner.
404 2626 446 2640 -
475 2616 549 2680 cap.
581 2591 682 2679 10,12
705 2595 887 2682 Nipperdei
919 2595 1048 2660 coniec-

73 2707 184 2762 turam
207 2696 303 2760 imerii
324 2719 384 2783 pro
409 2697 535 2763 tradito
559 2699 716 2782 genetivo
748 2698 900 2762 termium
927 2700 1051 2785 recepi,

74 2801 129 2886 qui
150 2797 244 2864 nullo
268 2799 367 2865 modo
392 2800 557 2886 explicari
580 2811 702 2888 potest.

175 2901 235 2985 VI,
259 2901 290 2986 2,
302 2901 344 2966 22
359 2902 500 2988 Madvig
522 2926 628 2991 nuper
642 2905 728 2971 bene
751 2905 897 2970 coniecit
920 2924 960 2968 rie
975 2904 1052 2986 quid

75 3027 131 3091 pro
155 3013 313 3091 corrupto
348 3024 455 3086 neque.
489 3043 529 3054 -
565 3029 638 3094 cap.
662 3006 746 3092 9,12
780 3008 923 3074 alterum
956 3027 1051 3072 remus

78 3116 155 3173 ante
185 3107 313 3172 resolvit
342 3111 506 3194 expunxit
534 3112 660 3194 Rider,
694 3133 792 3198 quem
826 3123 961 3179 secutus
998 3123 1049 3178 est

76 3210 260 3278 Gitlbauer.
276 3246 318 3259 -
340 3235 414 3299 cap.
437 3213 524 3297 21,4
546 3239 590 3281 ex
611 3215 756 3282 lectione
778 3216 906 3282 codicis
928 3217 1048 3300 scripsi

75 3316 205 3404 quidem
234 3315 388 3381 imminet.
435 3319 495 3385 sed
522 3318 637 3385 malim
669 3318 862 3383 imminebat.
897 3356 939 3366 —
973 3341 1047 3406 cap.

76 3420 156 3504 23‚3
179 3439 223 3483 um
245 3442 305 3507 pro
329 3421 458 3488 codicis
481 3422 627 3489 lectione
649 3419 695 3485 vel
718 3424 865 3488 correxit
894 3423 1049 3490 Ursinus.

77 3561 114 3571 -
141 3545 214 3612 cap.
239 3523 347 3610 24,16
376 3536 453 3613 post
475 3530 600 3610 nepotes
621 3527 751 3593 Rittero
776 3536 913 3593 auctore
929 3527 1047 3594 addidi

79 3631 220 3694 recesset.
238 3663 280 3675 —
295 3652 369 3717 cap.
387 3627 438 3713 28,
454 3629 493 3693 12
508 3630 671 3696 traditum
686 3631 876 3715 scripturae
891 3631 1048 3698 mendum
