2500 4084
200 361 248 412 AB
266 361 430 414 Excusso
448 361 607 415 AUGUSTI
625 363 671 416 IV.
690 361 800 414 25-29.
958 359 1018 424 177

32 557 87 620 cui
109 555 293 642 provincia
316 561 430 619 vetere
454 575 496 618 ex
517 574 609 618 more
633 551 738 618 calles
763 560 961 617 evenerant:
985 553 1013 618 is
1044 563 1070 606 1⁰

34 657 208 745 disposita
231 657 484 724 classiariorum
499 659 598 743 copia
621 664 835 742 coeptantem
852 677 928 722 cum
949 677 1020 722 ma·

34 763 129 827 xime
155 762 424 828 coniurationem
448 760 593 827 disiecit.
616 762 806 846 missusque
828 783 849 824 a
873 756 1021 825 Caesare

33 885 181 952 propere
205 863 319 930 Staius
343 863 497 930 tribunus
528 885 604 929 cum
626 862 743 928 valida
772 885 875 928 manu
904 863 1023 932 ducem

37 969 153 1051 ipsum
178 976 210 1031 et
239 968 410 1054 proximos
434 966 579 1031 audacia
604 968 639 1031 in
662 965 778 1032 urbem
800 968 925 1051 traxit,
955 970 1023 1034 iam

33 1069 210 1157 trepidam
233 1069 274 1135 ob
289 1069 540 1136 multitudinem
555 1069 769 1154 familiarum,
793 1092 879 1157 quae
902 1070 1022 1154 glisoe·
1049 1078 1075 1120 ¹⁵

34 1173 98 1240 bat
122 1176 324 1253 inmensum,
346 1175 474 1240 minore
497 1176 531 1239 in
557 1174 628 1240 dies
651 1173 749 1261 plebe
772 1176 931 1258 ingenua.
1016 1218 1017 1222 =

144 1278 197 1343 28.
220 1277 333 1344 Isdem
355 1277 549 1344 oonsulibus
565 1279 777 1343 miseriarum
800 1298 841 1342 ac
858 1281 1022 1346 saevitiae

38 1381 233 1470 exemplum
256 1393 369 1466 atrox,
393 1405 470 1448 reus
493 1391 608 1469 pater,
632 1390 813 1448 accusator
834 1381 923 1449 filius
952 1383 1024 1466 (no-

36 1510 114 1552 men
150 1487 283 1574 utrique
305 1485 427 1552 Vibius
452 1484 610 1566 Serenus)
641 1486 676 1550 in
707 1494 861 1551 senatum
892 1486 1024 1554 inducti

40 1601 130 1657 sunt.
176 1590 219 1656 ab
244 1590 364 1657 exsilio
387 1599 556 1658 retractus
580 1589 771 1678 inluvieque
795 1615 835 1657 ac
868 1592 1025 1678 squalore

41 1694 176 1760 obsitus
211 1704 247 1760 et
279 1705 350 1760 tum
372 1704 495 1761 catena
517 1697 652 1761 vinctus
686 1706 785 1782 pater
814 1698 925 1761 oranti
952 1695 1022 1761 filio
1049 1715 1062 1755 a

41 1809 268 1886 eomparatur.
302 1797 503 1864 adulescens
540 1798 655 1865 multis
689 1800 882 1884 munditiis,
917 1799 1025 1866 alacri

40 1902 150 1985 vultu,
175 1911 320 1969 structas
336 1904 481 1990 principi
504 1903 659 1989 insidias,
681 1906 802 1970 missos
825 1906 860 1969 in
876 1901 1026 1971 Galliam

42 2009 234 2074 concitores
258 2005 339 2073 belli
362 2007 467 2072 index
488 2006 580 2073 idem
603 2017 637 2074 et
659 2010 756 2074 testis
782 2007 936 2094 dicebat,
966 2008 1025 2074 ad·

42 2109 269 2196 nectebatque
292 2107 478 2176 Caecilium
494 2107 678 2176 Cornutum
699 2112 907 2196 praetorium
929 2114 1026 2178 mini-

45 2215 211 2280 stravisse
233 2215 425 2300 pecuniam,
463 2216 520 2298 qui
543 2213 656 2279 taedio
680 2236 853 2299 curarum,
886 2226 919 2282 et
948 2218 1027 2303 quia
1054 2234 1079 2275 ro

44 2317 231 2404 periculum
263 2339 323 2403 pro
358 2317 463 2382 exitio
496 2316 701 2400 habebatur,
740 2327 881 2383 mortem
916 2320 952 2384 in
991 2343 1028 2386 se

45 2422 233 2487 festinavit.
258 2431 294 2486 at
317 2429 437 2486 contra
461 2442 536 2486 reus
561 2420 646 2485 nihil
669 2421 815 2488 infracto
833 2423 945 2488 animo
970 2424 1027 2490 ob-

46 2547 163 2590 versus
198 2526 233 2588 in
264 2524 371 2589 filium
405 2533 544 2610 quatere
577 2523 708 2609 vincla,
743 2547 866 2592 vocare
899 2525 1027 2594 ultores

49 2629 139 2711 deos,
163 2637 200 2692 ut
226 2626 292 2693 sibi
316 2627 450 2715 quidem
474 2627 657 2694 redderent
682 2628 848 2713 exsilium,
872 2629 931 2694 ubi
951 2650 1028 2717 pro·

49 2733 101 2798 cul
125 2731 190 2797 tali
213 2753 304 2796 more
320 2740 447 2815 ageret,
471 2731 577 2797 filium
600 2743 713 2798 autem
729 2732 929 2820 quandoque
953 2755 1027 2820 sup·
1055 2753 1081 2792 15

48 2836 150 2922 plicia
168 2843 395 2922 sequerentur.
412 2835 705 2924 adseverabatque
720 2839 934 2904 innocentem
949 2836 1029 2904 Cor-

48 2951 166 3006 nutum
190 2948 223 3004 et
245 2938 332 3003 falso
357 2941 574 3024 exterritum3
597 2941 697 3028 idque
720 2942 821 3008 facile
845 2941 1030 3027 intellectu,

51 3047 79 3109 si
100 3042 325 3130 proderentur
348 3040 424 3108 alii:
462 3066 530 3108 non
556 3046 644 3110 enim
675 3067 711 3109 se
741 3044 881 3111 caedem
907 3047 1030 3133 princi-

50 3149 101 3232 pis
126 3157 161 3212 et
183 3169 238 3212 res
262 3169 368 3212 novas
392 3169 458 3212 uno
484 3149 574 3214 socio
600 3151 781 3233 cogitasse.

152 3246 205 3314 29.
228 3249 312 3315 Tum
347 3261 527 3316 accusator
560 3250 621 3319 On.
644 3251 828 3319 Lentulum
862 3265 895 3322 et
919 3253 1031 3322 Seium

51 3352 260 3419 Tuberonem
281 3355 444 3439 nominat,
466 3377 589 3440 magno
613 3355 742 3442 pudore
763 3355 933 3444 ansaris,
956 3381 1032 3425 cum

52 3460 212 3544 primores
242 3458 411 3541 civitatis,
442 3459 551 3524 intimi
580 3461 685 3547 ipsius
714 3463 831 3548 amici,
864 3462 1030 3528 Lentulus

55 3562 238 3628 senectutis
263 3570 453 3646 extremae,
477 3561 609 3629 Tubero
635 3563 768 3631 defecto
790 3588 946 3652 corpore,
980 3575 1030 3630 tu-

55 3664 178 3731 multus
201 3664 335 3732 hostilis
360 3664 608 3732 etturbandae
631 3669 679 3732 rei
703 3667 859 3754 publicae
881 3689 1032 3735 accerse·
1058 3683 1071 3725 ⁶

93 3813 218 3861 melsun.
234 3814 251 3858 Ι.
931 3806 962 3857 12
