2500 4084
209 299 273 364 216
541 301 714 351 ooaunnu
732 299 855 350 mmm
888 349 893 364 ,

210 492 343 575 gnitus3
377 515 436 578 per
466 491 643 578 dolumque
671 493 912 560 comitantibus
943 491 1199 559 adliciebantur

210 596 323 678 ignari
352 595 442 661 fama
470 596 613 661 nominis
645 604 679 660 et
700 598 862 682 promptis
888 594 1096 663 Graecorum
1116 597 1194 658 ani-

209 698 272 762 mis
298 697 342 762 ad
365 721 454 762 nova
486 707 520 763 et
542 699 638 763 mira.
684 699 804 786 quippe
828 699 979 786 elapsum
1008 699 1188 764 custodiae

208 821 350 886 pergere
374 801 418 866 ad
440 811 600 888 paternos
625 802 805 885 exercitus,
828 802 1020 888 Aegyptum
1047 811 1104 866 aut
1127 799 1194 864 Su·

159 921 185 960 10
210 905 296 969 riam
329 905 540 986 invasurum,
575 904 751 988 fingebant
796 906 893 972 simul
929 904 1192 990 credebantque.

212 1010 279 1074 iam
302 1010 486 1074 iuventutis
511 1030 694 1091 concursu,
725 1010 792 1074 iam
814 1009 958 1095 publicis
983 1009 1103 1075 studiis
1125 1009 1195 1072 sre-
1230 1049 1231 1110 ,

211 1111 448 1198 quentabatur,
471 1110 581 1176 laetus
597 1110 833 1197 praesentibus
850 1123 883 1178 et
905 1114 999 1178 inani
1023 1135 1091 1198 spe,
1113 1134 1192 1176 cum
1230 1111 1231 1162 l

211 1215 365 1280 auditum
393 1214 428 1279 id
450 1215 607 1300 Poppaeo
638 1213 782 1280 Sabino:
818 1217 848 1280 is
870 1215 1093 1281 Macedoniae
1120 1225 1190 1279 tum
1230 1239 1231 1300 t

211 1320 360 1383 intentus
383 1316 550 1382 Achaiam
573 1339 702 1404 quoque
725 1316 879 1384 curabat.
903 1320 1008 1402 igitur
1023 1341 1087 1404 quo
1110 1340 1191 1381 vera

159 1437 184 1476 1⁵
212 1444 270 1486 seu
285 1419 373 1486 falsa
390 1422 525 1504 antiret,
548 1420 760 1487 Toronaeum
774 1420 1060 1509 Thermaeumque
1083 1423 1190 1486 sinum
1230 1453 1231 1502 q

208 1526 469 1610 praefestinans,
486 1547 566 1590 mox
580 1524 754 1591 Euboeam
769 1524 900 1609 Aegaei
915 1527 1019 1591 maris
1043 1525 1188 1590 insulam
1230 1535 1231 1544 ’

211 1637 244 1693 et
266 1627 421 1693 Piraeum
451 1627 590 1694 Atticae
614 1650 709 1711 orae,
745 1628 821 1693 dein
846 1627 1082 1694 Corinthiense
1111 1628 1188 1692 litus
1230 1653 1231 1720 ξ

210 1733 453 1818 angustiasque
480 1732 600 1798 Isthmi
629 1732 761 1815 evadit3
789 1733 941 1817 marique
970 1733 1067 1798 Ionio
1089 1731 1189 1797 Nico·
1230 1737 1231 1740 ’

211 1833 315 1920 polim
342 1835 528 1901 Romanam
557 1834 724 1900 coloniam
753 1836 943 1919 ingressus,
978 1835 1027 1900 ibi
1062 1835 1190 1900 demum

161 1953 187 1994 20
214 1939 391 2021 cognoscit
420 1936 588 2003 sollertius
622 1939 1069 2024 interrogatum,.quisnam
1096 1939 1190 2018 foret,
1230 1959 1231 1962 ¹

212 2040 341 2106 dixisse
370 2039 414 2104 Μ.
439 2039 554 2106 Silano
579 2041 746 2124 genitum,
781 2050 815 2105 et
844 2041 957 2106 multis
988 2051 1189 2106 sectatorum
1230 2039 1231 2090 l

213 2143 354 2230 dilapsis
378 2143 572 2208 ascendisse
595 2165 717 2209 navem
744 2153 917 2230 tamquam
939 2144 1077 2210 Italiam
1098 2154 1186 2230 pete·

211 2256 272 2312 ret.
299 2248 500 2333 scripsitque
522 2246 607 2311 haee
630 2245 782 2330 Tiberio,
809 2270 917 2335 neque
940 2270 1002 2313 nos
1026 2248 1188 2332 originem
1230 2239 1231 2300 l

210 2349 352 2415 finemve
376 2349 447 2413 eius
469 2350 519 2413 rei
541 2347 631 2414 ultra
654 2351 886 2435 comperimus.

314 2451 355 2534 V,
385 2450 430 2516 ll.
452 2450 559 2517 Exitu
585 2452 666 2516 anni
700 2451 757 2516 diu
781 2462 882 2517 aucta
913 2453 1083 2519 discordia
1115 2475 1185 2519 con·
1230 2455 1231 2532 Ῐ

213 2555 322 2620 sulum
346 2555 464 2640 erupit.
488 2576 567 2620 nam
589 2554 680 2638 Trio,
704 2554 815 2620 facilis
839 2557 1060 2642 capessendis
1084 2556 1186 2621 inimi·
1230 2639 1231 2642 Ἴ

212 2660 303 2724 citiis
335 2667 368 2722 et
396 2660 468 2723 foro
499 2659 686 2739 exercitus,
721 2667 757 2722 ut
786 2679 923 2742 segnem
945 2659 1113 2743 Regulum
1146 2654 1185 2720 ad

214 2761 448 2848 opprimendos
473 2759 589 2826 Seiani
618 2762 791 2826 ministros
822 2760 955 2847 oblique
985 2764 1185 2847 perstrinxe·
1230 2817 1231 2820 ,

174 2882 187 2922 ⁵
213 2874 283 2930 rat:
306 2863 373 2948 ille,
396 2866 462 2929 nisi
478 2863 713 2946 lacesseretur,
737 2863 924 2930 modestiae
940 2867 1103 2948 retinens,
1125 2883 1184 2928 nou
1230 2943 1231 2948 η

213 2967 311 3033 modo
334 2967 478 3033 rettudit
501 2965 683 3050 collegam,
718 2966 778 3031 sed
804 2977 841 3032 ut
870 2970 1008 3033 noxium
1035 2969 1182 3034 coniura·
1230 3001 1231 3050 ,

213 3072 315 3137 tionis
346 3071 391 3136 ad
420 3072 689 3157 disquisitionem
719 3071 887 3137 trahebat.
933 3070 1113 3158 multisque
1133 3090 1182 3154 pa·
1230 3055 1231 3072 ¹

214 3187 301 3240 trum
327 3173 502 3240 orantibus
531 3182 694 3260 ponerent
724 3173 802 3238 odia
828 3176 861 3238 in
883 3164 1068 3260 perniciem
1091 3176 1178 3248 itura,
1230 3209 1231 3262 ,

214 3301 367 3344 mansere
397 3278 531 3353 infensi
552 3299 592 3342 ac
616 3277 824 3361 minitantes,
860 3277 966 3343 donec
989 3279 1180 3363 magistratu

166 3397 191 3437 1⁰
217 3380 361 3446 abirent.

317 3482 376 3566 VI,
401 3480 429 3543 1.
454 3481 514 3548 On.
530 3484 699 3550 Domitius
723 3495 755 3550 et
772 3483 936 3551 Camillus
950 3484 1177 3552 Scribonianus
1230 3569 1231 3576 ἵ

217 3583 427 3648 consulatum
455 3585 618 3668 inierant,
650 3609 727 3653 cum
756 3587 886 3655 Caesar
915 3591 1071 3657 tramisso
1104 3581 1180 3674 quod
