2552 4084
215 278 257 343 80
492 316 500 327 .,
552 275 725 326 CORNELII
744 272 866 324 TAOITI
1255 16 1266 327 d

1261 350 1266 421 i

215 470 392 554 angustias
415 469 571 536 fortunae
599 468 759 546 retinens.
797 487 905 551 noque
934 465 1116 530 miseratus
1148 471 1199 526 est
1260 458 1266 543 Ι

211 573 353 659 posthac
384 573 556 655 Tiberius,
587 573 741 658 quamvis
774 570 891 638 domus
925 565 1100 634 Hortensii
1138 586 1199 650 pu-

216 675 363 741 dendam
386 675 430 740 ad
453 677 601 762 inopiam
625 674 849 740 delaberetur.
914 699 918 706 ·

317 776 368 844 39.
390 778 520 844 Eodem
542 800 630 844 anno
653 778 813 864 mancipii
842 778 940 842 unius
970 773 1129 857 audacia,
1163 775 1199 840 ni

214 892 345 948 mature
369 882 569 948 subventum
584 883 681 966 foret,
705 880 885 948 discordiis
900 880 1070 966 armisque
1085 877 1198 944 civili-

215 986 278 1052 bus
302 1009 372 1052 rem
393 985 564 1073 publicam
591 985 803 1072 perculisset.
847 985 998 1050 Postumi
1021 981 1199 1068 Agrippae

216 1112 348 1174 servus,
385 1091 519 1156 nomine
548 1087 719 1173 Clemens,
757 1097 917 1175 conperto
950 1087 1017 1152 fine
1045 1085 1198 1170 Augusti

176 1212 188 1251 ⁵
214 1213 355 1280 pergere
388 1195 424 1260 in
459 1192 604 1260 insulam
626 1192 822 1260 Planasiam
856 1201 889 1258 et
923 1190 1043 1256 fraude
1071 1198 1133 1254 aut
1162 1191 1197 1254 vi
1267 1260 1270 1269 ,

214 1307 348 1383 raptum
371 1296 558 1385 Agrippam
586 1297 673 1362 ferre
702 1297 747 1362 ad
776 1298 946 1364 exercitus
971 1293 1196 1360 Germanicos

214 1423 282 1469 non
312 1401 426 1466 servili
455 1402 567 1468 animo
596 1403 762 1486 concepit.
808 1422 891 1466 ausa
926 1400 997 1464 eius
1027 1396 1196 1484 inpedivit

216 1504 362 1570 tarditas
398 1507 572 1571 onerariae
601 1487 736 1570 ria-vis]-
750 1513 851 1591 atque
887 1503 1021 1568 interim
1054 1510 1196 1587 patrata

215 1608 320 1674 caede
349 1607 395 1673 ad
417 1609 546 1672 maiora
576 1617 608 1674 et
631 1609 741 1692 magis
770 1608 972 1694 praecipitia
1010 1627 1196 1670 conversus

163 1730 188 1770 ι)
214 1711 347 1778 furatur
369 1712 500 1777 cineres
516 1720 701 1797 vectusque
717 1709 840 1776 Cosam
855 1710 1013 1774 Etruriae
1036 1730 1196 1795 promun-

213 1817 338 1880 turium
361 1816 486 1898 ignotis
509 1813 593 1880 locis
611 1836 684 1880 sese
705 1813 813 1898 abdit,
837 1813 943 1880 donec
967 1812 1095 1878 crinem
1116 1810 1196 1876 bar-

214 1918 357 2005 bamque
384 1920 614 2004 promitteret:
651 1940 731 1983 nam
760 1926 873 1984 aetate
904 1926 936 1982 et
965 1917 1073 1983 forma
1101 1914 1197 1981 haud

215 2021 372 2088 dissimili
400 2023 435 2086 in
466 2021 635 2088 dominum
665 2030 748 2087 erat.
795 2032 866 2088 tum
899 2043 959 2108 per
987 2019 1128 2086 idoncos
1162 2028 1194 2084 et
1270 2015 1271 2024 ’

215 2126 336 2191 secreti
372 2125 442 2189 eius
484 2127 593 2191 socios
627 2124 811 2192 crebrescit
845 2125 960 2190 vivere
994 2122 1194 2210 Agrippam,

164 2247 188 2286 rs
216 2227 355 2293 occultis
378 2229 521 2313 primum
539 2227 757 2311 sermonibus,
781 2237 817 2294 ut
840 2229 947 2293 vetita
972 2227 1090 2309 solent,
1112 2249 1195 2292 mox

213 2352 302 2415 vago
317 2352 450 2396 rumore
475 2330 566 2416 apud
587 2332 821 2417 inperitissimi
844 2333 1005 2417 cuiusque
1018 2340 1195 2418 promptas

214 2456 313 2500 aures
342 2443 400 2498 aut
429 2456 562 2500 rursum
585 2434 676 2520 apud
698 2433 853 2500 turbidos
884 2456 988 2520 eoque
1017 2457 1107 2500 nova
1138 2457 1195 2500 ou-

212 2539 353 2625 pientes.
371 2546 472 2623 atque
487 2539 559 2623 ipse
575 2537 669 2603 adire
684 2539 866 2625 municipia
883 2537 1025 2604 obscuro
1043 2538 1121 2621 diei,
1137 2561 1195 2605 ne·

214 2663 278 2728 que
300 2638 475 2728 propalam
490 2643 598 2728 aspici
613 2664 721 2728 neque
738 2641 866 2708 diutius
888 2641 996 2708 isdem
1011 2641 1107 2725 locis,
1132 2641 1195 2708 sed
1269 2673 1270 2676 ¹

161 2764 188 2805 so
214 2747 293 2831 quia
304 2746 431 2809 veritas
443 2744 520 2809 visu
532 2753 564 2809 et
580 2767 685 2830 mora,
700 2744 788 2811 falsa
800 2745 1019 2812 festinatione
1034 2755 1068 2810 et
1084 2748 1195 2812 incer-

214 2851 258 2914 tis
281 2847 469 2932 valescunt,
485 2848 697 2935 relinquebat
721 2849 847 2916 famam
862 2860 923 2916 aut
937 2851 1193 2936 praeveniebat.

316 2949 367 3016 40.
390 2951 606 3036 Vulgabatur
630 2954 765 3018 interim
786 2976 846 3041 per
860 2953 997 3020 Italiam
1021 2965 1193 3024 servatum

213 3078 349 3122 munere
374 3055 472 3121 deum
495 3055 691 3143 Agrippam,
715 3056 919 3124 credebatur
940 3057 1084 3144 Roma03
1109 3062 1192 3128 iam·

213 3181 277 3246 que
306 3158 440 3226 Ostiam
474 3162 644 3226 invectum
667 3161 846 3228 multitudo
881 3163 1018 3246 ingens,
1053 3164 1123 3230 iam
1158 3166 1192 3230 in

212 3263 294 3330 urbe
310 3263 516 3332 clandestini
538 3274 653 3332 coetus
669 3265 900 3351 celebrabant,
923 3287 999 3330 cum
1017 3265 1193 3334 Tiberium

174 3379 337 3457 osanceps
354 3389 436 3432 cura
460 3367 660 3451 distrahere,
683 3371 761 3436 vine
776 3369 920 3436 militum
937 3392 1071 3436 servum
1095 3394 1193 3438 suum

192 3464 386 3538 tcoereeret
414 3493 458 3536 aa
494 3472 628 3538 inanem
661 3471 898 3540 credulitatem
931 3481 1082 3559 tempore
1117 3476 1192 3562 ipso
1268 3511 1269 3550 t

212 3595 397 3640 vanescere
419 3575 561 3640 sineret:
589 3574 688 3640 modo
711 3575 794 3640 nihil
820 3576 1060 3661 spernendum,
1088 3579 1190 3645 modo
