2530 4084
272 355 318 405 sn
336 353 500 406 uxonssu
518 350 677 406 socnam
695 351 732 404 11.
751 353 861 407 ss-so.
1016 353 1056 419 99

59 550 250 635 apertiore
273 548 444 631 custodia,
467 557 637 635 postremo
665 566 808 630 gnarum
836 546 1055 612 necessitatis

57 653 99 717 in
126 653 257 720 urbem
280 661 425 720 traxere.
472 661 652 719 accusatus
676 653 711 716 in
736 657 856 715 senatu
886 649 928 715 ab
951 671 1056 716 uxore

59 754 195 845 Cotyis
216 758 406 843 damnatur,
423 767 460 823 ut
476 755 595 845 procul
610 777 715 840 regno
731 763 913 821 teneretur.
929 752 1056 819 Thrae·

60 863 125 926 oia
158 863 197 926 in
228 861 488 928 Rhoemetalcen
515 860 636 944 filium,
671 881 768 947 quem
795 859 947 946 paternis
978 879 1055 922 con·
1085 861 1110 901 ¹⁰

62 963 161 1030 siliis
192 963 411 1031 adversatum
434 964 628 1048 constabat,
658 965 759 1050 inque
785 962 910 1028 liberos
938 959 1056 1047 Cotyis

64 1065 263 1153 dividitur,
286 1070 393 1154 iisque
408 1068 557 1134 nondum
573 1067 699 1133 adultis
715 1065 935 1132 Trebellenus
951 1065 1056 1130 Rufus

62 1180 241 1257 praetura
264 1172 400 1238 functus
425 1172 540 1256 datur,
555 1173 623 1259 ¹qui
646 1191 788 1255 regnum
809 1171 945 1235 interim
968 1179 1057 1234 trac·

61 1284 178 1359 taret,
203 1276 355 1363 exemplo
379 1297 443 1362 quo
465 1277 608 1342 maiores
625 1274 669 1340 M.
693 1273 858 1360 Lepidum
873 1273 1057 1339 Ptolemaei

62 1377 197 1444 liberis
213 1387 358 1444 tutorem
380 1380 416 1443 in
431 1379 622 1465 Aegyptum
636 1381 808 1444 miserant.
831 1375 1055 1463 Rhescuporis
1084 1377 1109 1419 ¹⁶

65 1482 327 1550 Alexandriam
352 1482 512 1549 devectus
537 1492 639 1569 atque
661 1482 731 1547 illio
755 1482 870 1565 fugam
885 1489 1056 1566 temptans

67 1609 120 1652 an
145 1588 226 1652 ficto
249 1589 389 1652 crimine
410 1587 621 1653 interficitur.

184 1688 235 1754 68.
258 1691 323 1756 Per
346 1691 433 1756 idem
448 1699 579 1779 tempus
595 1691 764 1774 Vonones,
788 1711 885 1777 quem
909 1695 1057 1753 amotum

67 1795 109 1858 in
129 1791 286 1860 Ciliciam
300 1797 492 1880 memoravi,
516 1795 682 1882 corruptis
698 1792 894 1861 custodibus
912 1791 1056 1876 effugere

69 1896 124 1962 ad
147 1895 342 1982 Armenios,
365 1897 444 1963 inde
467 1897 619 1964 Albanos
642 1897 900 1982 Heniochosque
923 1907 957 1962 et
979 1917 1055 1960 con-

71 2002 304 2086 sanguineum
336 2001 402 2067 sibi
436 2022 551 2086 regem
586 2000 789 2087 Scytharum
822 2009 963 2066 conatus
994 2009 1055 2064 est.

71 2106 192 2191 specie
220 2104 368 2170 venandi
399 2104 532 2170 omissis
560 2106 739 2170 maritimis
767 2103 852 2169 locis
882 2103 960 2169 avia
990 2102 1056 2168 sal·
1083 2116 1096 2155 ⁵

70 2218 175 2272 tuum
188 2209 296 2294 petiit,
319 2229 398 2274 mox
412 2210 615 2294 pernicitate
638 2209 714 2294 equi
731 2207 776 2274 ad
799 2229 931 2272 amnem
952 2207 1056 2293 Pyra-

71 2333 170 2377 mum
192 2311 376 2396 contendit,
399 2313 494 2377 cuius
516 2323 636 2398 pontes
660 2310 799 2377 accolae
821 2319 982 2397 ruperant
998 2333 1056 2375 au·

74 2414 153 2479 dita
188 2416 278 2499 regis
311 2415 409 2500 fuga3
443 2438 551 2503 neque
583 2415 673 2481 vado
706 2416 879 2502 penetrari
911 2423 1055 2501 poterat.

73 2519 185 2602 igitur
206 2520 242 2583 in
263 2520 338 2605 ripa
360 2519 507 2585 fluminis
530 2518 667 2585 aVibio
690 2518 863 2585 Frontone
884 2518 1055 2604 praefecto

74 2623 229 2709 equitum
250 2623 414 2707 vincitur,
445 2645 525 2688 mox
552 2623 722 2689 Remmius
746 2630 924 2705 evocatus,
952 2623 1056 2708 priori
1083 2634 1108 2672 1⁰

74 2725 255 2791 custodiae
278 2729 369 2811 regis
393 2726 585 2814 adpositus,
615 2730 713 2814 quasi
734 2749 794 2813 per
823 2727 909 2791 iram
941 2723 1055 2809 gladio

76 2852 156 2895 eum
179 2832 349 2914 transigit.
377 2830 468 2897 unde
490 2831 599 2896 maior
631 2830 715 2896 fides
745 2830 955 2895 conscientia
985 2850 1055 2893 sce·

74 2933 159 3001 leris
183 2945 217 3000 et
238 2944 330 3001 metu
352 2935 470 3001 indicii
493 2946 636 3003 mortem
657 2936 792 3002 Vononi
816 2933 968 3000 inlatam.

183 3036 233 3103 69.
257 3039 304 3105 At
326 3037 549 3106 Germanicus
565 3039 722 3127 Aegypto
745 3060 898 3104 remeans
922 3045 1055 3118 cuncta,

77 3164 166 3230 quae
201 3142 292 3229 apud
324 3141 475 3228 legiones
510 3153 569 3209 aut
591 3143 693 3209 urbes
726 3144 891 3225 iusserat,
925 3138 1054 3204 abolita

76 3245 133 3311 vel
156 3246 192 3310 in
215 3248 422 3312 contrarium
444 3269 543 3312 versa
567 3248 754 3331 cognoscit.
777 3245 856 3311 hino
880 3265 1002 3329 graves
1020 3243 1054 3308 in

76 3349 235 3414 Pisonem
258 3349 498 3435 contumeliae,
527 3372 590 3415 nec
613 3352 723 3415 minus
747 3348 871 3414 acerba
901 3368 987 3433 quae
1010 3345 1053 3410 ab

79 3450 137 3516 illo
166 3453 202 3516 in
225 3448 406 3518 Caesarem
438 3453 705 3519 intentabantur.
752 3452 829 3518 dein
851 3452 929 3517 Piso
959 3448 1053 3515 abire
1080 3461 1094 3502 ⁵

81 3553 178 3622 Suria
202 3557 332 3622 statuit.
372 3577 451 3622 mox
474 3555 619 3622 adversa
643 3554 838 3622 Germanici
862 3551 1055 3620 valetudine

82 3660 249 3746 detentus,
272 3659 331 3726 ubi
353 3670 543 3728 recreatum
566 3661 699 3748 accepit
713 3671 860 3747 votaque
881 3679 941 3745 pro
965 3657 1055 3726 inco·

986 3791 1020 3848 πθ
