2500 4084
250 356 296 405 AB
314 349 477 405 Excusso
496 353 655 405 AUGUSTI
673 354 719 404 vl.
741 354 849 404 13-17.
973 353 1035 418 227

56 547 172 621 siones
210 545 253 611 ob
286 567 357 611 rem
390 542 562 629 publicam
595 552 750 630 coeptas,
785 554 886 632 utque
919 544 1034 610 Macro

55 650 250 736 praefectus
289 647 563 734 tribunorumque
603 655 635 712 et
670 649 902 714 centurionum
935 652 1036 734 pauci
1066 667 1089 708 ¹⁵

57 774 175 817 secum
208 752 402 833 introirent,
444 751 595 836 quotiens
631 751 758 816 curiam
792 751 1037 839 ingrederetur,

56 856 190 941 petivit.
235 855 392 943 factoque
420 853 516 938 large
540 865 574 920 et
597 855 670 919 sine
692 856 958 940 praescriptione
981 879 1036 942 ge-

56 961 149 1025 neris
176 968 238 1025 aut
268 959 398 1024 numeri
427 966 565 1023 senatus
596 957 750 1025 consulto
782 981 823 1022 ne
853 969 944 1024 tecta
967 963 1036 1046 qui·

58 1065 136 1130 dem
173 1063 277 1148 urbis,
315 1063 400 1129 adeo
438 1061 608 1148 publicum
646 1062 823 1128 consilium
856 1085 1036 1150 numquam

56 1168 155 1251 adiit,
179 1168 286 1233 deviis
302 1166 496 1253 plerumque
519 1165 697 1232 itineribus
715 1165 866 1232 ambiens
889 1169 1036 1252 patriam
1063 1188 1088 1228 so

56 1282 90 1337 ot
115 1270 300 1337 declinans

188 1373 237 1439 16.
260 1376 395 1440 Interea
418 1394 543 1459 magna
566 1375 617 1438 vis
646 1383 885 1440 accusatorum
915 1377 948 1440 in
977 1399 1034 1443 eos

56 1479 198 1565 inrupit,
233 1480 289 1566 qui
316 1480 478 1565 pecunias
508 1479 644 1544 faenore
672 1478 886 1544 auctitabant
917 1479 1034 1546 adver·

55 1607 131 1648 sum
153 1581 263 1667 legem
286 1582 464 1650 dictatoris
488 1581 665 1666 Caesaris,
689 1604 754 1669 qua
779 1582 820 1647 de
843 1582 941 1648 modo
964 1606 1035 1649 cre·

55 1687 161 1753 dendi
183 1687 446 1774 possidendique
475 1690 566 1753 intra
589 1687 727 1752 Italiam
756 1696 912 1769 cavetur,
936 1689 1034 1752 omis·

56 1815 132 1858 sam
155 1791 242 1874 olim,
267 1794 345 1877 quia
361 1794 496 1878 privato
520 1794 594 1858 usui
618 1791 741 1857 bonum
757 1790 928 1877 publicum
943 1803 1033 1877 post·
1061 1809 1074 1849 ⁵

52 1896 200 1981 ponitur.
226 1918 308 1961 sane
331 1905 429 1962 vetus
452 1896 528 1962 urbi
552 1895 711 1962 faenebre
742 1894 867 1960 malum
891 1903 925 1959 et
948 1895 1035 1960 sedi·

54 2001 185 2064 tionum
217 1998 528 2087 discordiarumque
551 1999 757 2066 creberrima
780 2021 899 2081 causa,
931 2020 1035 2083 eoque

54 2102 279 2168 cohibebatur
317 2105 465 2190 antiquis
501 2125 630 2190 quoque
660 2112 694 2168 et
726 2105 837 2169 minus
868 2104 1034 2189 corruptis

54 2205 215 2271 moribus.
238 2228 317 2271 nam
331 2209 439 2294 primo
464 2207 639 2273 duodecim
656 2206 782 2272 tabulis
806 2217 968 2288 sanctum,
992 2229 1034 2272 ne

53 2312 131 2398 quis
153 2297 305 2377 unciario
323 2313 459 2378 faenore
476 2312 617 2399 amplius
635 2321 818 2396 exerceret,
841 2333 916 2376 cum
931 2319 1033 2375 antea
1063 2329 1086 2367 1⁰

54 2437 98 2479 ex
121 2412 265 2480 libidine
289 2414 506 2502 locupletium
529 2418 733 2501 agitaretur,
757 2417 835 2482 dein
857 2415 1033 2499 rogatione

51 2516 235 2584 tribunicia
263 2518 308 2583 ad
331 2522 519 2584 semuncias
543 2519 726 2602 redactum,
742 2529 908 2604 postremo
927 2521 1033 2585 vetita

51 2643 204 2686 versura.
233 2621 412 2710 multisque
444 2621 535 2709 plebi
562 2624 657 2688 scitis
683 2622 816 2688 obviam
838 2624 922 2688 itum
944 2624 1033 2687 frau-

53 2723 165 2806 dibus,
189 2747 276 2812 quae
301 2728 425 2792 totiens
449 2748 623 2813 repressae
638 2729 740 2793 miras
763 2749 823 2812 per
846 2736 938 2792 artes
960 2749 1031 2792 rur·

53 2850 128 2892 sum
151 2827 355 2897 oriebantur.
403 2831 463 2896 sed
492 2840 562 2897 tum
586 2828 760 2896 Gracchus
790 2840 943 2916 praetor,
977 2833 1032 2896 cui
1060 2846 1085 2885 1⁵

54 2955 93 2996 ea
124 2935 276 3017 quaestio
307 2943 482 3017 evenerat,
522 2933 740 3000 multitudine
769 2933 1034 3020 periclitantium

53 3034 215 3100 subactus
248 3035 380 3103 rettulit
413 3035 458 3102 ad
493 3047 661 3120 senatum,
696 3037 884 3124 trepidique
918 3045 1031 3125 patres

54 3142 173 3223 (neque
202 3139 289 3204 enim
320 3140 496 3225 quisquam
525 3141 587 3206 tali
610 3141 711 3227 culpa
733 3141 873 3221 vacuus)
897 3143 1032 3206 veniam

53 3265 74 3306 a
96 3243 247 3329 principe
269 3245 434 3328 petivere,
461 3254 493 3309 et
510 3245 716 3311 concedente
733 3268 840 3311 annus
864 3247 898 3310 in
921 3254 1030 3332 poste·

52 3367 127 3410 rum
156 3366 282 3432 sexque
314 3369 445 3412 menses
482 3346 570 3432 dati,
607 3349 680 3433 quis
716 3346 901 3414 secundum
937 3350 1028 3414 iussa
1056 3362 1082 3401 ²⁰

54 3449 140 3533 legis
164 3451 314 3515 rationes
337 3449 522 3516 familiares
547 3453 687 3538 quisque
710 3461 959 3538 componerent.

158 3552 207 3619 17.
231 3553 321 3621 Hinc
345 3556 459 3641 inopia
481 3556 531 3621 rei
554 3557 774 3642 nummariae,
797 3565 962 3622 commoto
986 3557 1029 3622 si·

52 3657 118 3725 mul
149 3659 294 3726 omnium
324 3681 402 3726 aere
436 3659 557 3744 alieno,
593 3671 625 3726 et
660 3662 738 3748 quia
772 3670 823 3728 tot
858 3660 1029 3727 damnatis

929 3795 978 3849 lb*
