2530 4084
250 312 296 361 AB
316 310 477 362 EXCESSU
494 306 652 361 AUGUSTI
672 311 720 358 lll.
740 305 851 360 att-50.
975 310 1034 374 141

53 511 219 583 agentem
245 500 406 567 coluerat.
431 501 520 588 quod
547 511 626 566 tunc
653 501 814 586 patefecit
842 502 876 566 in
904 511 1034 585 senatu,
1064 521 1088 560 ιο

53 602 209 670 laudatis
233 607 268 670 in
293 627 328 671 se
352 605 470 670 officiis
496 615 528 670 et
552 607 707 669 incusato
724 604 769 668 M.
792 604 915 688 Lollio,
939 626 1036 690 quem

55 718 233 774 auctorem
257 705 343 773 Graio
367 707 507 774 Caesari
529 710 711 794 pravitatis
734 719 768 773 et
792 709 1037 774 discordiarum

57 812 238 896 arguebat.
268 813 328 878 sed
351 815 471 878 ceteris
495 813 585 876 haud
608 813 699 877 laeta
723 814 881 877 memoria
905 812 1036 892 Quirini

57 928 129 981 crat
148 917 191 982 ob
209 918 350 1000 intenta,
373 928 410 982 ut
425 913 617 1000 memoravi,
634 916 785 1002 Lepidae
801 915 951 1000 pericula
969 938 1036 981 sor·

59 1018 242 1106 didamque
265 1031 298 1085 et
320 1030 571 1107 praepotentem
594 1030 774 1085 senectam.
1065 1037 1090 1077 1⁵

162 1122 216 1188 49.
249 1123 335 1188 Fine
374 1127 455 1190 anni
488 1122 674 1189 Clutorium
707 1123 859 1188 Priscum
893 1123 1037 1207 equitem

59 1225 262 1311 Romanum,
295 1238 372 1313 post
400 1226 532 1292 celebre
561 1249 711 1307 carmen,
748 1247 811 1311 quo
842 1222 1036 1290 Germanici

62 1352 217 1415 suprema
247 1331 442 1413 defleverat,
471 1331 615 1416 pecunia
644 1329 805 1395 donatum
834 1351 854 1393 a
878 1326 1036 1411 Caesare,

62 1435 222 1519 corripuit
247 1434 393 1517 delator,
429 1433 603 1499 obiectans
633 1454 735 1518 aegro
764 1433 876 1496 Druso
906 1454 1035 1519 compo·

63 1539 167 1601 suissc
202 1537 306 1623 quod,
331 1540 359 1602 si
389 1540 577 1604 exstinctus
600 1539 703 1620 foret,
733 1538 858 1602 maiore
887 1537 1035 1621 praemio
1063 1555 1075 1592 ⁵

63 1639 268 1724 vulgaretur.
291 1641 326 1706 id
350 1641 518 1707 Clutorius
549 1643 584 1706 in
609 1640 704 1705 domo
727 1641 764 1705 P.
794 1640 960 1723 Petronii,
985 1661 1036 1703 so-

64 1766 118 1809 cru
141 1747 214 1810 eius
238 1744 377 1811 Vitellia
407 1767 521 1810 coram
551 1744 731 1831 multisque
763 1742 960 1809 inlustribus
989 1743 1035 1808 fe-

65 1850 170 1932 minis,
193 1870 253 1935 per
275 1849 563 1935 vaniloquentiam
585 1849 725 1932 legerat.
749 1857 786 1911 ut
819 1845 950 1911 delator
979 1869 1035 1911 ex-

66 1954 156 2034 stitit,
182 1955 303 2018 ceteris
328 1953 372 2018 ad
396 1953 573 2017 dicendum
596 1952 824 2017 testimonium
854 1951 1035 2030 exterritis,

68 2056 132 2120 sela
155 2056 296 2122 Vitellia
323 2056 409 2123 nihil
438 2080 474 2122 sc
502 2057 672 2121 audivisse
704 2054 929 2120 adseveravit.
976 2054 1036 2119 sed
1065 2074 1088 2112 10

67 2159 278 2245 arguentibus
311 2160 355 2224 ad
382 2161 565 2247 perniciem
592 2159 669 2246 plus
692 2157 772 2222 fidei
794 2158 872 2239 fuit,
903 2168 1035 2222 senten-

68 2265 175 2348 tiaque
214 2263 348 2328 Haterii
381 2263 553 2349 Agrippae
592 2261 739 2327 consulis
775 2261 946 2345 designati
987 2263 1035 2324 in-

69 2366 188 2430 dictum
211 2388 268 2431 reo
291 2367 442 2433 ultimum
465 2367 673 2454 supplicium.

163 2468 216 2534 50.
239 2467 365 2535 Contra
389 2468 443 2536 M’.
465 2471 614 2557 Lepidus
643 2474 677 2536 in
706 2470 795 2536 hune
822 2470 957 2536 modum
979 2492 1036 2533 ex-

69 2595 157 2638 orsus
180 2582 248 2638 est:
266 2571 324 2656 ‘si,
348 2585 462 2659 patres
486 2576 685 2660 conscripti,
720 2597 823 2640 unum
845 2574 881 2638 id
904 2582 1036 2658 specta-

69 2700 145 2760 mus,
167 2698 267 2762 quam
289 2678 419 2742 nefaria
441 2700 524 2742 voce
540 2676 710 2743 Clutorius
733 2679 868 2742 Priscus
890 2687 1037 2743 mentem

71 2807 157 2848 suam
191 2794 224 2849 et
257 2806 354 2848 aures
382 2781 554 2849 hominum
581 2782 754 2868 polluerit,
787 2804 895 2869 neque
917 2803 1036 2847 carcer

71 2910 169 2973 neque
203 2885 359 2971 laqueus,
382 2908 425 2950 ne
459 2886 599 2951 serviles
631 2886 766 2972 quidem
794 2888 965 2951 eruciatus
1000 2889 1034 2950 in
1062 2901 1074 2938 ⁵

72 3016 139 3058 eum
161 2991 360 3056 suffecerint.
385 2992 437 3056 sin
459 2991 591 3075 flagitia
616 3002 649 3055 et
672 2991 824 3055 facinora
849 2992 921 3056 sine
936 2991 1034 3056 modo

73 3105 159 3179 sunt,
192 3095 363 3180 suppliciis
394 3116 434 3159 ac
467 3094 625 3159 remediis
653 3095 815 3180 principis
848 3094 1034 3160 moderatio

15 3191 17 3204 ’
73 3202 288 3284 maiorumque
312 3208 344 3262 et
360 3208 474 3264 vestra
498 3198 650 3283 exempla
673 3207 872 3283 temperant,
897 3206 928 3261 et
944 3218 1034 3262 vana

75 3327 91 3368 a
117 3301 280 3383 scelestis,
306 3300 397 3366 dicta
421 3322 441 3364 a
464 3299 640 3365 maleficiis
665 3300 837 3382 differunt,
867 3310 918 3366 est
941 3299 1033 3365 locus

76 3407 259 3487 sententiae,
282 3427 342 3490 per
365 3427 464 3492 quam
485 3428 592 3490 neque
615 3405 692 3468 huic
718 3402 878 3469 delictum
900 3405 1034 3488 impune
1065 3421 1087 3456 1¹>

77 3513 114 3578 sit
134 3520 165 3576 et
185 3529 246 3574 nos
263 3507 462 3574 elementiae
479 3507 576 3574 simul
601 3529 641 3571 ac
659 3509 851 3572 severitatis
874 3529 941 3571 non
956 3528 1033 3593 pac-

76 3617 179 3682 niteat.
203 3633 303 3698 saepe
326 3612 440 3678 audivi
455 3614 638 3699 principem
655 3620 805 3676 nostrum
830 3631 1034 3695 conqueren-
