2534 4084
432 305 650 356 PROOEMIUM
997 307 1030 372 V

51 494 150 558 libris
175 492 368 580 complexus
386 497 532 578 origines
557 495 748 583 appellavit.
774 495 815 560 de
831 506 1028 580 argumento

49 596 141 662 illius
167 599 275 683 operis
293 596 467 664 Cornelius
490 598 602 684 Nepos
627 599 661 662 in
685 599 757 663 vita
780 595 920 664 Catonis
943 598 1027 663 haec

49 701 119 765 fere
158 703 310 787 scripsit:
334 702 485 784 „Primus
520 701 607 766 liber
641 703 792 766 continet
829 725 882 768 res
913 711 1027 786 gestas

49 825 169 888 regum
191 804 305 890 populi
327 804 486 888 Romani,
522 803 686 869 secundus
712 815 744 870 et
768 806 904 888 tertius,
939 804 1028 870 undo

50 929 203 994 quaeque
237 909 360 973 civitas
395 918 469 973 orta
503 910 547 972 sit
575 907 714 991 Italica,
749 908 791 974 ob
826 930 926 995 quam
958 932 1029 975 rem

50 1033 166 1076 omnes
191 1010 349 1095 Origines
373 1012 508 1078 videtur
530 1011 730 1098 appellasse.
760 1013 795 1077 in
819 1023 938 1099 quarto
970 1037 1026 1079 au·

50 1125 118 1181 tem
141 1114 265 1181 bellum
280 1115 442 1180 Punicum
466 1124 516 1182 est
539 1117 689 1202 primum,
714 1117 748 1181 in
770 1117 887 1202 quinto
912 1137 1028 1182 secun·

50 1219 146 1284 dum:
180 1229 281 1306 atque
314 1220 534 1285 haecomnia
562 1218 777 1305 capitulatim
800 1228 877 1285 sunt
903 1219 1026 1285 dicta.'⁷

154 1321 354 1408 Exemplum
378 1321 519 1389 Catonis
550 1345 663 1388 omnes
697 1324 900 1408 posteriores
925 1323 1026 1388 histo-

51 1428 113 1491 rici
139 1436 216 1492 sunt
242 1428 374 1491 imitati.
398 1425 550 1512 aequalis
576 1427 646 1492 eius
663 1427 702 1492 L.
727 1425 867 1493 Cassius
884 1427 1027 1492 Hemina

50 1529 229 1594 historiam
251 1530 363 1617 populi
385 1531 528 1596 Romani
552 1540 711 1618 quattuor
745 1531 841 1597 libris
880 1533 1025 1616 scripsit.

52 1632 173 1699 iisdem
195 1632 266 1698 fore
295 1634 500 1720 temporibus
530 1633 570 1698 L.
594 1632 796 1720 Calpurnius
820 1634 897 1698 Piso
920 1633 1027 1717 Frugi

51 1746 83 1800 et
117 1734 155 1800 O.
198 1735 412 1823 Sempronius
449 1737 637 1803 Tuditanus
677 1739 852 1822 vixerunt,
890 1759 1028 1824 quorum

50 1850 192 1925 uterque
213 1840 389 1906 historiam
411 1841 596 1906 Romanam
625 1841 669 1907 ab
691 1840 784 1908 Urbe
813 1840 950 1906 condita
973 1862 1027 1904 us·

51 1965 113 2028 que
145 1942 190 2007 ad
220 1966 315 2008 suam
342 1945 537 2009 memoriam
560 1947 757 2030 composuit.
803 1942 870 2010 Gai
891 1943 1027 2024 Fannii,

51 2046 106 2130 qui
141 2067 195 2109 res
230 2054 344 2129 gestas
376 2043 608 2112 Gracchorum
642 2048 859 2132 conseripsit,
890 2068 1028 2132 quorum

51 2145 204 2235 aequalis
227 2147 307 2231 luit,
332 2147 514 2214 Sallustius
539 2147 677 2235 Crispus
701 2152 879 2215 veritatem
908 2149 1027 2216 laudat

49 2252 82 2314 in
105 2250 296 2334 fragmento
313 2252 467 2337 quodam.
490 2252 615 2316 Fannii
631 2255 737 2319 aetati
752 2252 792 2317 L.
809 2251 942 2319 Coelius
958 2254 1027 2320 An·

49 2354 175 2440 tipater
197 2356 395 2420 coniunctus
419 2356 492 2438 fuit,
516 2356 571 2441 qui
595 2378 648 2421 res
672 2365 787 2440 gestas
810 2356 892 2422 belli
908 2357 1027 2424 Punici

51 2457 190 2523 secundi
225 2465 351 2543 septem
388 2456 483 2523 libris
514 2460 693 2525 memoriae
731 2458 892 2545 prodidit.
931 2463 1026 2527 cuius

50 2559 168 2624 Livius
184 2559 352 2624 nonnullis
368 2559 451 2626 locis
468 2564 670 2627 mentionem
693 2563 787 2630 facit.
812 2562 1026 2650 Sempronius

50 2661 189 2744 Asellio,
213 2663 269 2748 qui
284 2661 374 2728 bello
390 2664 596 2730 Numantino
612 2665 767 2731 tribunus
786 2665 930 2734 militum
953 2669 1026 2752 fuit,

51 2766 211 2832 historias
227 2767 280 2832 vel
304 2790 413 2833 rerum
436 2778 608 2851 gestarum
631 2768 735 2835 libros
759 2771 1028 2856 quattuordecim

51 2873 250 2958 composuit.
281 2873 361 2937 item
384 2870 445 2937 On.
470 2869 602 2937 Gellius
625 2872 669 2938 ab
691 2872 784 2940 Urbe
807 2873 946 2940 condita
969 2897 1026 2939 an·

50 2975 155 3058 nales,
180 2977 237 3061 qui
259 2977 431 3042 minimum
453 2978 642 3061 nonaginta
668 2988 794 3064 septem
816 2977 921 3043 libros
945 2986 1022 3043 sunt

51 3078 227 3166 complexi.

151 3181 259 3247 Multo
283 3184 420 3267 gravior
435 3183 616 3249 historicus
632 3183 672 3249 L.
689 3182 865 3249 Cornelius
882 3183 1026 3250 Sisenna

51 3285 121 3367 suit,
146 3287 202 3371 qui
226 3309 280 3351 res
304 3295 418 3370 gestas
443 3298 627 3373 temporum
645 3286 856 3353 Sullanorum
880 3289 1025 3374 posteris

51 3388 203 3455 tradidit.
215 3389 302 3454 vixit
315 3391 405 3454 circa
418 3392 515 3455 annis
528 3389 848 3475 cxlx—LXVII„
861 3413 924 3477 quo
938 3413 1025 3456 anno

52 3491 183 3576 legatus
213 3489 274 3556 On.
296 3492 432 3578 Pompei
459 3493 576 3578 Magni
600 3495 634 3559 in
669 3493 779 3560 insula
802 3493 904 3559 Creta
936 3492 1025 3559 bello

54 3595 257 3680 praedonum
281 3595 369 3662 diem
392 3596 475 3663 obiit
491 3619 688 3684 supremum.
712 3597 767 3662 hic
790 3597 890 3663 facile
914 3619 1026 3662 omnes
