2500 4084
215 319 278 394 180
427 351 429 356 Α
543 323 718 380 oonnnnn
736 325 870 413 110111

209 521 320 585 tiones
342 520 485 604 urbium,
500 519 592 586 fusos
608 503 793 608 captosque
807 541 916 605 reges,
933 531 993 586 aut
1009 522 1040 585 si
1055 511 1186 608 quando

209 623 256 688 ad
271 624 405 689 interna
427 632 696 711 praeverterent,
722 623 910 690 discordias
933 623 1114 691 consulum
1135 625 1188 690 ad·

208 749 344 792 versum
365 726 536 811 tribunos,
566 730 721 812 agrarias
749 729 1057 814 frumentariasque
1087 729 1186 814 leges,

208 830 318 918 plebis
360 841 392 896 et
426 832 638 917 optimatium
678 833 865 897 certamina
904 830 1013 896 libero
1049 851 1188 917 egressu

159 955 185 996 ro
211 931 460 1000 memorabant:
481 933 580 1000 nobis
603 935 639 998 in
655 942 730 999 arto
747 943 781 999 et
802 933 967 1017 inglorius
990 932 1112 1018 labor3
1133 936 1185 999 inr-

207 1048 299 1104 mota
332 1038 453 1125 quippe
481 1047 540 1103 aut
570 1035 702 1102 modice
731 1036 893 1103 lacessita
920 1059 1006 1124 pax,
1037 1049 1186 1104 maestae

207 1140 300 1207 urbis
324 1163 377 1208 res
403 1151 436 1206 et
456 1142 614 1228 princeps
636 1140 831 1228 proferendi
854 1143 972 1227 imperi
994 1143 1185 1208 incuriosus

208 1253 292 1311 erat.
336 1268 404 1310 non
433 1255 546 1310 tamen
575 1247 648 1310 sine
669 1267 733 1309 usu
755 1245 858 1310 fuerit
880 1245 1109 1330 introspicere
1130 1245 1185 1311 illa

206 1349 313 1434 primo
347 1359 489 1434 aspectu
522 1346 630 1431 levia,
665 1371 708 1414 ex
742 1351 817 1435 quis
851 1368 1054 1432 magnarum
1090 1371 1186 1436 saepe

154 1474 179 1514 15
206 1473 316 1516 rerum
336 1460 448 1518 motus
472 1453 634 1517 oriuntur.

308 1553 360 1619 33.
383 1554 470 1621 Nam
499 1563 641 1620 cunctas
665 1557 821 1621 nationes
853 1565 886 1621 et
919 1554 1021 1622 urbes
1045 1557 1183 1645 populus

206 1668 265 1723 aut
279 1659 443 1744 primores
466 1667 525 1723 aut
550 1655 675 1742 singuli
698 1667 837 1742 regunt:
862 1658 996 1726 delecta
1020 1682 1065 1726 cx
1089 1664 1130 1726 iis
1154 1669 1184 1725 et

205 1762 401 1827 consociata
443 1763 493 1827 rei
531 1761 689 1851 publicae
730 1764 840 1830 forma
877 1763 1014 1830 laudari
1051 1764 1184 1830 facilius

204 1888 305 1952 quam
328 1867 478 1951 evenire,
508 1865 563 1933 vel
592 1867 621 1931 si
645 1867 772 1952 evenit,
801 1868 894 1934 haud
922 1869 1084 1935 diuturna
1112 1891 1185 1934 esse

167 2005 180 2045 ⁵
205 1980 328 2057 potest.
351 1973 456 2055 igitur
478 1981 515 2037 nt
539 1970 618 2037 olim
633 1971 732 2060 plebe
747 1972 874 2056 valida,
897 1972 952 2038 vel
977 1995 1054 2040 cum
1069 1983 1183 2059 patres

203 2072 384 2160 pollerent,
408 2074 580 2140 noscenda
603 2074 697 2160 vulgi
720 2084 844 2142 natura
874 2085 908 2140 et
931 2075 1053 2162 quibus
1076 2076 1183 2141 modis

204 2187 432 2264 temperanter
460 2176 658 2262 haberetur,
688 2187 891 2264 senatusque
915 2188 948 2244 et
972 2181 1183 2265 optimatium

202 2281 341 2365 ingenia
364 2282 420 2366 qui
443 2282 589 2346 maxime
611 2280 880 2367 perdidicerant,
916 2281 1035 2348 callidi
1056 2292 1183 2369 tempo·

202 2405 276 2449 rum
299 2392 332 2449 et
356 2385 525 2470 sapientes
549 2384 792 2469 credebantur,
822 2387 872 2450 sic
895 2406 1063 2451 converso
1093 2396 1184 2452 statu

152 2523 177 2562 10
203 2510 311 2575 neque
335 2487 436 2553 aliter
460 2487 556 2554 salva
579 2511 616 2553 re
638 2489 809 2574 Romana,
838 2512 939 2575 quam
962 2492 991 2555 si
1013 2511 1102 2555 unus
1126 2492 1181 2556 im·

201 2593 334 2680 peritet,
357 2592 442 2657 haec
458 2593 610 2679 conquiri
633 2592 791 2679 tradique
813 2593 849 2658 in
872 2615 943 2660 rem
965 2593 1080 2677 fuerit,
1105 2596 1183 2680 quia

201 2697 301 2781 pauci
323 2695 502 2781 prudentia
524 2695 666 2761 honesta
690 2695 734 2761 ab
760 2696 993 2780 deterioribus,
1016 2697 1119 2762 utilia
1142 2697 1182 2761 ab

201 2801 321 2864 noxiis
336 2798 542 2884 discernunt,
565 2798 676 2886 plures
701 2799 844 2866 aliorum
860 2802 990 2866 eventis
1008 2798 1181 2866 docentur.

203 2912 350 2968 ceterum
372 2913 409 2967 ut
432 2904 626 2989 profutura,
654 2905 703 2968 ita
732 2906 907 2970 minimum
939 2903 1180 2970 oblectationis

150 3040 175 3078 15
202 3004 370 3074 adferunt.
393 3027 473 3072 nam
489 3007 574 3072 situs
591 3010 752 3091 gentium,
767 3009 952 3073 varietates
968 3007 1180 3094 proeliorum,

202 3107 288 3174 clari
312 3108 434 3176 ducum
449 3112 562 3176 exitus
577 3113 725 3177 retinent
749 3134 790 3177 ac
806 3110 1044 3194 redintegrant
1066 3107 1191 3194 legen

200 3214 285 3278 tium
308 3215 471 3279 animum:
494 3236 556 3279 nos
580 3237 684 3280 saeva
706 3216 809 3298 iussa,
834 3217 1012 3280 continuas
1038 3235 1177 3280 accusa·

201 3317 325 3398 tiones,
353 3314 496 3381 fallaces
519 3319 704 3401 amicitias,
737 3318 922 3403 perniciem
949 3318 1177 3383 innocentium

202 3426 235 3482 et
258 3417 393 3482 easdem
417 3419 513 3482 exitii
528 3440 649 3486 causas
673 3420 920 3503 coniungimus,
943 3417 1046 3484 obvia
1068 3441 1177 3486 rerum

150 3551 177 3589 ρο
204 3518 425 3584 similitudine
448 3528 481 3583 et
499 3523 668 3588 satietate.
692 3530 763 3588 tum
784 3525 934 3609 antiquis
958 3521 1177 3609 scriptoribus

202 3640 302 3682 rarus
327 3621 546 3706 obtrectator,
567 3645 676 3710 neque
691 3624 794 3689 refert
817 3627 1015 3713 cuiusquam
1029 3625 1177 3693 Punicas
