2530 4084
228 355 289 420 150
551 354 724 405 uouunnn
742 352 864 404 mern

224 555 354 613 mutata
388 549 422 612 in
455 545 614 635 populum
641 547 829 612 Romanum
862 546 1058 611 constantia
1093 554 1218 631 pertu-

172 669 197 706 10
222 649 350 716 lissent.
403 650 462 716 sed
507 648 819 736 Aphrodisiensium
841 663 845 670 '
870 649 992 713 civitas
1044 648 1214 727 Veneris,

225 752 528 819 Stratonicensium
553 754 647 846 lovis
679 762 710 817 et
734 753 870 818 Triviae
898 751 1099 835 religionem
1139 762 1216 816 tue-

224 856 358 922 bantur.
383 856 484 922 altius
508 857 845 922 Hierocaesarienses
870 877 1071 941 exposuere,
1094 855 1216 919 Persi-

225 982 300 1025 cam
323 958 412 1044 apud
440 982 476 1025 se
498 959 661 1040 Dianam,
686 956 861 1022 delubrum
888 978 968 1040 rege
991 954 1082 1042 Cyro
1113 958 1215 1023 diea-

225 1049 310 1146 tum,
334 1073 367 1128 et
389 1061 664 1128 memorabantur
686 1063 890 1148 Perpennae,
914 1061 1058 1125 Isaurici
1081 1060 1214 1125 multa-

172 1186 197 1225 15
224 1188 288 1250 que
304 1165 372 1230 alia
386 1167 624 1251 imperatorum
638 1166 784 1247 nomina,
801 1166 857 1250 qui
869 1187 935 1228 non
951 1163 1050 1228 modo
1067 1164 1214 1250 templa

225 1268 284 1333 scd
301 1268 429 1333 duobus
445 1268 581 1334 milibus
596 1291 756 1354 passuum
773 1271 901 1334 circum
917 1267 1059 1332 eandem
1076 1269 1212 1331 sancti·

224 1383 330 1439 tatem
353 1372 551 1438 tribuerant.
577 1374 666 1436 exim
689 1369 806 1457 Cyprii
830 1370 936 1436 tribus
967 1371 1009 1436 de
1038 1369 1211 1451 delubris,

224 1499 363 1562 quorum
382 1477 647 1541 vetustissimum
672 1473 821 1561 Paphiae
843 1475 968 1539 Veneri
995 1484 1120 1539 auctor
1142 1474 1211 1538 Ae-

222 1582 306 1661 riaS,
336 1589 411 1665 post
434 1579 522 1645 filius
551 1581 622 1644 eius
645 1578 810 1643 Amathus
833 1577 957 1642 Veneri
979 1575 1212 1641 Amathusiae

170 1705 196 1744 ao
223 1694 255 1748 et
288 1683 362 1748 Iovi
393 1681 577 1747 Salaminio
607 1682 752 1765 Teucer,
785 1680 977 1746 Telamonis
1005 1683 1120 1766 patris
1159 1685 1210 1746 ira

221 1787 394 1874 profugus,
418 1787 620 1872 posuissent.

325 1889 375 1954 63.
400 1888 548 1954 Auditae
570 1890 714 1954 aliarum
738 1911 868 1976 quoque
892 1890 1088 1954 civitatium
1110 1889 1208 1974 lega-

222 1995 341 2058 tiones.
366 2015 505 2080 quorum
529 1995 627 2078 copia
650 1993 731 2058 fessi
754 2003 886 2080 patres,
916 1994 1051 2078 etquis
1077 1994 1208 2058 studiis
1253 2061 1254 2070 ἶ

221 2096 427 2180 certabatur,
444 2096 638 2161 consulibus
654 2099 845 2183 permisere,
870 2106 907 2161 ut
922 2109 1103 2182 perspecto
1122 2101 1207 2178 iure,
1253 2073 1254 2117 i

222 2210 254 2265 et
289 2201 317 2263 si
352 2222 417 2286 qua
451 2199 612 2285 iniquitas
648 2199 890 2281 involveretur,
925 2222 994 2264 rem
1029 2203 1205 2287 integram
1251 2275 1252 2319 ,

182 2325 195 2364 5
221 2324 352 2367 rursum
375 2301 419 2365 ad
443 2311 599 2366 senatum
622 2302 797 2367 referrent.
833 2301 987 2366 consules
1019 2327 1124 2391 super
1148 2331 1205 2372 eas
1250 2381 1251 2384 Ἴ

221 2405 390 2487 civitates,
414 2427 497 2490 quas
521 2407 713 2488 memoravi,
737 2404 828 2490 apud
849 2405 1049 2489 Pergamum
1073 2408 1205 2476 Aescu·

220 2509 301 2594 lapii
330 2518 527 2593 conpertum
561 2508 692 2593 asylum
721 2508 940 2575 rettulerunt:
979 2519 1114 2576 ceteros
1149 2514 1205 2578 oh·

222 2613 327 2678 scuris
352 2611 393 2677 ob
417 2621 622 2677 vetustatem
645 2613 751 2678 initiis
781 2614 854 2678 niti.
888 2635 968 2678 nam
989 2613 1203 2698 Zmyrnaeos
1247 2677 1248 2721 ,

221 2715 393 2781 oraculum
436 2714 620 2800 Apollinis,
658 2715 752 2779 cuius
791 2715 928 2802 imperio
973 2715 1201 2785 Stratonicidi
1246 2777 1247 2821 ,

169 2843 193 2882 ιο
220 2818 344 2883 Veneri
378 2817 536 2904 templum
571 2817 774 2900 dicaverint,
798 2818 922 2883 Tenios
951 2819 1104 2884 eiusdem
1129 2847 1203 2888 car·
1245 2857 1246 2922 p

218 2943 293 2986 men
316 2921 450 3003 referre,
474 2942 538 3005 quo
563 2942 699 2986 sacrare
723 2921 869 3007 Neptuni
894 2923 1038 3006 effigiem
1063 2924 1200 2991 aedem-

219 3047 283 3110 que
305 3025 388 3088 iussi
413 3024 490 3088 sint.
513 3024 670 3109 propiora
688 3021 890 3090 Sardianos:
915 3024 1106 3091 Alexandri
1132 3032 1200 3094 vic-

218 3129 301 3192 toris
325 3126 361 3191 id
386 3125 517 3191 donum.
542 3148 649 3212 neque
672 3128 781 3191 minus
805 3126 956 3192 Milesios
978 3129 1094 3194 Dareo
1119 3155 1199 3217 rege

219 3231 298 3312 niti,
334 3229 395 3294 sed
429 3229 538 3294 cultus
568 3231 741 3293 numinum
773 3232 923 3316 utrisque
956 3231 1106 3298 Dianam
1143 3251 1199 3300 ant

168 3361 192 3399 15
219 3332 409 3418 Apollinem
424 3333 618 3398 venerandi.
641 3344 756 3418 petere
771 3342 804 3398 et
821 3332 998 3400 Cretenses
1016 3336 1197 3404 simulacro

222 3434 290 3497 divi
306 3435 463 3517 Augusti.
485 3434 641 3520 factaque
658 3445 795 3500 senatus
813 3436 978 3518 consulta,
1002 3439 1076 3524 quis
1092 3441 1196 3507 multo

221 3556 296 3598 cum
317 3534 442 3600 honore
476 3536 592 3600 modus
624 3547 737 3601 tamen
760 3539 1074 3624 praescribebatur,
1099 3545 1195 3611 iussi·

222 3655 284 3716 que
308 3637 388 3719 ipsis
412 3638 445 3700 in
462 3636 592 3721 templis
609 3639 712 3722 figere
735 3662 815 3704 aera
840 3641 1045 3710 sacrandam
1068 3645 1113 3711 ad
1130 3671 1192 3713 me-
