2530 4084
240 295 300 360 138
565 291 738 342 CORNELII
757 291 879 342 TACITI

186 517 210 557 10
237 507 388 574 quaeque
411 483 479 548 alia
494 475 697 548 venantibus
721 482 789 549 tela
805 491 892 548 sunt.
917 483 1090 549 adduntur
1115 506 1209 548 eser·

236 591 330 654 vitiis
354 586 571 673 gladiaturae
601 586 778 670 destinati,
807 585 928 673 quibus
956 608 1049 652 more
1079 589 1209 671 gentico

237 696 431 760 continuum
469 693 550 757 ferri
589 694 751 776 tegimen:
795 690 1038 778 cruppellarios
1078 700 1211 771 vocant,

236 797 420 863 inferendis
445 796 566 862 ictibus
590 794 767 879 inhabiles,
791 795 998 881 accipiendis
1022 797 1211 881 inpenetra-

236 900 334 966 biles.
357 898 571 985 augebantur
594 921 653 964 eae
683 900 800 985 copiae
822 899 1012 963 vicinarum
1035 901 1212 965 civitatum

186 1035 211 1074 15
237 1015 274 1071 ut
296 1005 445 1070 nondum
468 1014 584 1091 aperta
608 1005 837 1086 consensione,
862 1005 910 1068 ita
933 1005 1061 1069 viritim
1084 1027 1211 1091 promp-

236 1111 280 1175 tis
305 1109 439 1192 studiis,
463 1118 496 1173 et
518 1109 703 1173 certamine
727 1107 848 1172 ducum
869 1107 1109 1192 Romanorum,
1134 1129 1211 1194 quos

236 1215 324 1278 inter
352 1210 590 1296 ambigebatur
623 1221 764 1296 utroque
792 1209 917 1276 bellum
948 1211 1014 1276 sibi
1042 1221 1210 1296 poscente.

235 1337 313 1382 mox
342 1315 452 1381 Varro
488 1314 658 1379 invalidus
687 1323 825 1379 senecta
852 1315 984 1398 vigenti
1014 1312 1099 1379 Silio
1137 1336 1211 1379 con·

236 1421 349 1486 cessit.

337 1522 389 1587 44.
412 1521 459 1588 At
480 1522 605 1587 Romae
627 1542 694 1586 non
710 1520 873 1586 Treveros
896 1519 995 1586 modo
1019 1519 1210 1600 etAeduos,

235 1629 295 1694 sed
318 1635 477 1714 quattuor
499 1636 532 1691 et
556 1625 737 1709 sexaginta
761 1622 950 1690 Galliarum
972 1625 1135 1691 civitates
1160 1625 1209 1690 de-

236 1733 393 1814 scivisse,
417 1729 612 1814 adsumptos
636 1730 671 1793 in
701 1729 896 1794 societatem
920 1725 1128 1814 Germanos,
1157 1729 1210 1794 du·

234 1834 308 1899 bias
332 1834 536 1919 Hispanias,
560 1841 700 1916 cuncta,
723 1841 760 1897 ut
788 1853 858 1896 mos
882 1831 1008 1916 famae,
1044 1834 1079 1897 in
1104 1836 1209 1900 maius

200 1947 213 1989 ⁵
239 1939 379 2004 credita.
426 1948 578 2023 optumus
607 1938 745 2022 quisque
767 1937 817 2000 rei
839 1932 995 2021 publicae
1018 1957 1102 2002 cura
1125 1959 1210 2004 mae·

234 2040 350 2107 rebat:
379 2040 477 2107 multi
506 2040 583 2105 odio
612 2040 839 2126 praesentium
867 2048 900 2103 et
923 2038 1083 2125 cupidine
1106 2051 1209 2107 muta-

235 2147 337 2210 tionis
363 2146 432 2210 suis
456 2165 585 2230 quoque
607 2142 767 2229 periculis
791 2141 1027 2226 laetabantur,
1058 2146 1210 2232 increpa·

233 2248 382 2334 bantque
398 2247 579 2331 Tiberium,
604 2247 693 2333 quod
715 2248 750 2311 in
767 2255 862 2312 tanto
878 2269 989 2312 rerum
1006 2257 1104 2313 motu
1118 2247 1209 2314 libel-

233 2350 276 2417 lis
300 2362 536 2418 accusatorum
559 2352 740 2416 insumeret
764 2373 909 2437 operam.
932 2373 977 2415 an
994 2349 1210 2418 Sacrovirum

182 2465 208 2505 1⁰
233 2457 423 2521 maiestatis
440 2457 579 2521 crimine
601 2477 695 2520 reum
718 2456 752 2519 in
776 2463 896 2520 senatu
916 2454 1013 2519 fore?
1036 2459 1209 2523 exstitisse

233 2559 373 2624 tandem
395 2561 502 2642 viros,
538 2559 594 2644 qui
617 2567 775 2623 cruentas
799 2556 962 2644 epistulas
993 2560 1099 2624 armis
1125 2560 1209 2626 cohi·

233 2661 362 2727 berent.
406 2665 564 2727 miseram
595 2683 714 2747 pacem
743 2659 797 2726 vel
831 2659 919 2725 bello
953 2660 1040 2725 bene
1075 2664 1208 2729 mutari.

233 2775 329 2830 tanto
358 2766 529 2851 inpensius
559 2765 593 2829 in
618 2766 834 2830 securitatem
856 2765 1069 2850 conpositus,
1105 2787 1209 2853 neque

165 2929 167 2936 ,
232 2867 306 2934 loco
328 2889 436 2954 neque
459 2869 555 2934 vultu
576 2877 720 2952 mutate,
752 2867 811 2933 sed
832 2875 869 2932 ut
894 2867 1029 2933 solitum
1050 2891 1114 2954 per
1137 2869 1208 2935 illos

181 2981 206 3022 15
234 2970 305 3036 dies
330 2973 410 3057 egit,
434 2971 615 3037 altitudine
638 2973 757 3055 animi,
781 2995 824 3036 an
853 2981 1052 3058 conpererat
1075 2973 1209 3038 modica

233 3097 306 3139 esse
340 3084 373 3139 et
396 3075 546 3160 vulgatis
569 3075 707 3140 leviora.

334 3177 385 3242 45.
408 3178 549 3244 Interim
565 3176 677 3261 Silius,
700 3201 776 3243 cum
791 3177 980 3263 legionibus
1006 3178 1139 3244 duabus
1162 3182 1209 3244 in-

232 3281 371 3365 cedens,
408 3284 594 3368 praemissa
623 3283 782 3347 auxiliari
811 3305 913 3347 manu
942 3291 1059 3347 vastat
1083 3281 1208 3368 Sequa·

232 3403 349 3448 norum
378 3403 500 3468 pagos,
530 3387 585 3468 qui
612 3385 728 3450 finium
751 3387 894 3450 extremi
923 3394 956 3450 et
979 3384 1108 3450 Aeduis
1132 3409 1208 3452 con·

233 3486 366 3548 termini
391 3486 537 3570 sociique
565 3488 600 3549 in
622 3489 724 3552 armis
748 3497 854 3552 erant.
891 3510 971 3553 mox
993 3487 1208 3572 Augustodu-

195 3592 313 3648 ⁶num
339 3586 424 3670 petit
451 3607 591 3672 propero
621 3590 754 3671 agmine
761 3639 770 3672 ,
808 3590 1018 3656 certantibus
1050 3594 1144 3659 inter
1173 3615 1205 3658 sc
