2534 4084
305 285 352 336 sn
370 282 534 340 excussu
555 281 714 336 suonsrr
731 284 754 335 1.
773 286 849 337 r-e.
1055 291 1074 355 7

90 499 157 563 per
184 477 335 560 virgines
357 477 485 544 Vestae
507 475 679 542 Tiberium
709 485 743 542 et
769 477 906 544 Liviam
934 477 1076 544 heredes

92 579 230 646 habuit.
252 579 354 646 Livia
377 581 413 646 in
435 579 600 646 familiam
617 578 740 646 Iuliam
757 603 944 667 nomenque
961 581 1076 666 Augu·

100 693 197 750 stum
233 683 489 768 adsumebatur3
522 687 558 750 in
592 706 684 770 spem
720 685 903 752 secundam
935 695 1076 771 nepotes
1103 707 1117 748 s

95 793 387 876 pronepotesque,
428 791 528 856 tertio
570 791 678 873 gradu
722 792 885 876 primores
926 789 1077 853 civitatis

97 895 303 979 scripserat,
337 893 513 980 plerosque
546 895 673 960 invisos
709 893 785 977 sibi,
819 894 880 960 sed
912 893 1080 958 iactantia

97 994 278 1083 gloriaque
308 996 354 1061 ad
381 1005 545 1084 posteros.
575 996 690 1082 legata
719 1020 787 1064 non
815 996 906 1062 ultra
945 994 1080 1062 civilem

97 1099 249 1184 modum,
272 1101 339 1166 nisi
362 1100 450 1188 quod
465 1099 587 1186 populo
611 1109 644 1165 et
665 1099 756 1186 plebi
780 1099 1080 1186 quadringentiens

99 1204 244 1268 triciens
269 1205 478 1290 quinquiens
501 1205 748 1289 praetoriarum
776 1203 964 1269 cohortium
993 1202 1080 1268 mili·
1107 1225 1133 1264 lo

100 1306 205 1372 tibus
222 1305 355 1392 singula
377 1330 548 1372 nummum
576 1306 687 1388 milia,
716 1306 856 1374 urbanis
885 1308 1081 1392 quingenos,

100 1411 302 1496 legionariis
347 1421 406 1476 aut
450 1411 643 1478 cohortibus
689 1413 814 1477 civium
857 1411 1083 1478 Romanorum

101 1524 261 1580 trecenos
284 1538 437 1582 nummos
460 1517 588 1581 viritim
617 1514 720 1582 dedit.
756 1524 828 1580 tum
855 1513 1084 1580 consultatum

103 1619 148 1684 de
174 1618 373 1703 honoribus3
405 1642 448 1684 ex
477 1621 553 1705 quis
577 1621 634 1704 qui
656 1621 803 1684 maxime
832 1620 984 1703 insignes
1007 1617 1083 1697 visi,

102 1732 143 1786 nt
155 1731 253 1808 porta
269 1721 464 1809 triumphali
482 1722 660 1790 duceretur
671 1723 781 1806 funus,
795 1719 915 1786 Gallus
931 1719 1085 1800 Asinius,
1111 1741 1136 1783 15

103 1835 143 1890 ut
167 1825 279 1909 legum
301 1825 449 1892 latarum
472 1825 578 1908 tituli,
601 1827 769 1891 victarum
791 1824 835 1892 ab
866 1847 903 1890 eo
933 1823 1084 1908 gentium

101 1927 272 1994 vocabula
306 1930 571 2012 anteferrentur,
604 1929 645 1994 L.
680 1928 863 1994 Arruntius
905 1947 1077 1992 censuere.

105 2031 258 2098 addebat
280 2031 443 2100 Messalla
457 2032 616 2099 Valerius
639 2031 871 2098 renovandum
892 2053 952 2116 per
975 2051 1083 2096 annos

108 2146 361 2203 sacramentum
395 2138 430 2202 in
466 2159 588 2202 nomen
610 2136 754 2220 Tiberii,
789 2138 1085 2220 interrogatusque

109 2263 131 2306 a
166 2239 321 2324 Tiberio,
355 2264 435 2307 num
475 2263 510 2307 se
543 2241 729 2307 mandante
772 2263 848 2306 eam
886 2239 1087 2314 sententiam
1114 2261 1140 2304 ro

107 2345 341 2428 prompsisset,
377 2353 495 2430 sponte
530 2344 659 2411 dixisse
692 2342 878 2430 respondit,
912 2363 1020 2427 neque
1053 2343 1088 2406 in

109 2445 152 2509 iis
177 2466 264 2530 quae
287 2446 333 2512 ad
354 2445 613 2532 rempublicam
634 2447 842 2532 pertinerent
864 2443 1006 2511 consilio
1022 2445 1088 2509 nisi

111 2570 173 2614 suo
197 2570 345 2632 usurum,
368 2549 423 2615 vel
447 2570 523 2615 cum
544 2548 695 2635 periculo
718 2549 927 2615 offensionis:
952 2569 992 2612 ea
1016 2546 1088 2612 sola

111 2653 243 2738 species
287 2651 450 2719 adulandi
489 2662 674 2738 supererat.
717 2651 932 2718 conclamant
974 2658 1089 2736 patres

110 2777 233 2842 corpus
271 2755 317 2823 ad
353 2776 472 2842 rogum
509 2758 633 2822 umeris
671 2764 866 2822 senatorum
903 2753 1088 2820 ferendum.
1117 2778 1142 2818 2⁵

111 2859 243 2924 remisit
258 2856 388 2925 Caesar
410 2859 592 2944 adroganti
610 2858 851 2940 moderatione,
867 2857 1091 2945 populumque

115 2961 228 3027 edicto
251 2963 381 3028 monuit
396 2985 448 3045 ne,
471 2971 509 3028 ut
525 2960 695 3048 quondam
717 2963 829 3027 nimiis
847 2962 968 3027 studiis
992 2961 1091 3027 funus

115 3066 186 3133 divi
208 3064 287 3132 Iulii
311 3065 517 3148 turbassent,
540 3067 590 3130 ita
612 3064 805 3150 Augustum
827 3067 862 3132 in
884 3065 956 3131 foro
979 3067 1091 3150 potius

114 3191 216 3256 quam
248 3170 284 3234 in
305 3191 425 3255 campo
447 3168 580 3252 Martis,
615 3169 695 3234 sede
730 3168 913 3250 destinata,
948 3169 1093 3233 cremari

114 3271 252 3339 vellent.
277 3271 332 3338 die
353 3272 481 3337 funeris
504 3271 629 3338 milites
647 3272 740 3336 velut
762 3271 932 3357 praesidio
958 3279 1091 3353 stetere,
1119 3295 1145 3337 oo

114 3375 258 3442 multum
280 3373 506 3442 inridentibus
541 3377 598 3463 qui
632 3376 696 3461 ipsi
730 3375 888 3442 viderant
923 3375 1045 3460 quique
1073 3396 1093 3437 a

116 3478 315 3567 parentibus
349 3488 554 3565 acceperant
590 3479 678 3544 diem
717 3477 814 3544 illum
852 3477 948 3544 crudi
983 3477 1094 3543 adhuc

119 3584 248 3649 servitii
283 3592 317 3648 ct
356 3581 527 3649 libertatis
567 3585 762 3668 inprospere
798 3584 980 3668 repetitae,
1019 3602 1096 3646 cum
