2534 4084
324 959 755 1076 PRAEFATIO
785 959 1105 1070 Onniton.

611 1183 814 1192 n—---—-——

327 1335 383 1402 Ad
416 1346 545 1402 textum
582 1334 854 1401 constituendum
890 1335 1099 1422 potissimum
1135 1334 1205 1400 edi-

226 1441 334 1507 tiones
358 1439 472 1505 Oaroli
503 1439 630 1504 Halmii
661 1449 695 1505 et
716 1439 857 1505 Joannis
881 1437 1035 1504 Muelleri
1064 1438 1206 1522 contuli,

227 1567 312 1631 quae
335 1543 386 1606 his
399 1543 560 1628 proximis
580 1543 677 1606 annis
691 1543 725 1606 in
741 1541 850 1607 lucem
868 1551 944 1607 sunt
959 1541 1080 1606 editae.
1104 1542 1206 1607 simul

227 1650 299 1712 sine
321 1669 415 1712 mora
431 1647 474 1711 iis
497 1668 569 1710 sum
585 1668 675 1727 usus,
699 1667 785 1731 quae
800 1667 905 1731 nuper
923 1643 1061 1727 Olemm,
1078 1643 1206 1710 Corne·

227 1751 341 1833 lissen‚
356 1749 498 1832 Madvig
514 1747 639 1834 aliique
668 1747 856 1814 doctissimi
871 1749 937 1812 viri
959 1746 1034 1833 plus
1051 1750 1208 1815 minusve

228 1855 402 1938 ingeniose
431 1855 658 1918 coniecerunt.
702 1862 870 1938 postremo
892 1851 986 1918 haud
1014 1854 1063 1917 ita
1092 1874 1207 1938 pauca

228 1967 315 2041 sunt,
339 1979 425 2043 quae
441 1958 513 2042 ipse
529 1959 562 2020 in
587 1956 714 2022 tradita
731 1958 901 2042 scriptura
917 1965 974 2021 aut
991 1956 1119 2021 mutavi
1143 1966 1206 2022 aut

227 2062 344 2128 addidi
361 2062 585 2148 expunxique.
601 2060 671 2124 iam
682 2068 789 2125 restat
801 2069 839 2124 ut
851 2081 1114 2142 commemorem,
1129 2061 1199 2146 qui-

227 2166 289 2231 bus
313 2167 348 2230 in
370 2165 454 2230 locis
479 2185 627 2250 quosque
656 2173 811 2228 auctores
838 2171 973 2228 secutus
996 2161 1039 2228 ab
1064 2162 1204 2230 editori-

228 2270 290 2335 bus
314 2291 395 2355 quos
421 2289 520 2353 supra
545 2266 774 2332 demonstravi
799 2266 1049 2352 discrepuerim.

330 2374 356 2455 Ι,
382 2371 411 2454 7,
433 2371 455 2433 4
477 2380 557 2436 ante
581 2369 762 2451 primordio
788 2391 847 2456 pro
877 2369 1003 2436 tradito
1032 2370 1202 2436 vocabulo

229 2476 359 2560 tristior,
383 2475 472 2562 quod
496 2474 640 2540 editores
663 2474 856 2560 plerumque
885 2475 918 2538 in
949 2474 1104 2537 tristiores
1126 2497 1208 2539 con-

229 2590 382 2662 vertunt,
412 2578 615 2645 Doederlein
645 2578 790 2642 coniecit
820 2575 905 2638 tristi
932 2595 984 2639 ore
1012 2586 1045 2642 et
1068 2579 1207 2660 ignotus

229 2683 366 2770 quidam
389 2682 523 2748 addidit
545 2684 655 2744 essent.
686 2681 806 2765 scripsi
831 2680 1028 2767 simpliciter
1050 2680 1207 2744 tristiores

230 2790 339 2869 esseut,
363 2785 452 2872 quod
467 2785 547 2851 mihi
563 2784 768 2870 persuadere
794 2805 861 2848 non
891 2806 1026 2870 possum
1048 2786 1206 2850 anuntia-

230 2902 300 2958 tum
322 2889 423 2956 finale
459 2891 531 2954 sine
561 2889 775 2954 coniunctivo
799 2889 944 2973 positum
973 2897 1064 2954 recte
1088 2910 1124 2952 se
1147 2887 1207 2952 ha·

229 2996 319 3062 bere.
358 2997 437 3061 item
460 2994 549 3059 Hist.
572 2992 598 3074 I,
622 2990 674 3075 85,
700 2989 740 3054 15
769 2990 983 3057 scribendum
1005 2991 1140 3057 videtur
1168 3011 1209 3054 nc
1259 3033 1260 3074 1

230 3103 400 3166 contumax
433 3099 510 3160 esset
542 3094 723 3177 silentium,
757 3113 796 3157 ue
827 3097 973 3176 suspecta
1004 3093 1143 3159 libertus.
1165 3131 1207 3141 —

230 3229 303 3293 cap.
327 3203 357 3288 8,
369 3202 411 3267 38
435 3200 614 3267 Gitlbauer
635 3197 727 3264 haud
751 3196 896 3264 absurde
918 3197 985 3262 eius
1008 3209 1084 3284 post
1106 3199 1207 3279 sepul-

229 3313 305 3372 turn
328 3306 501 3392 expunxit.
525 3340 567 3350 —
589 3325 662 3388 cap.
687 3299 781 3386 10,26
803 3323 879 3366 cum
900 3301 939 3365 F.
963 3300 1003 3367 A.
1027 3302 1149 3368 Wolfio
1174 3313 1207 3369 ot

230 3412 257 3478 Ι.
279 3409 441 3475 Muellero
460 3409 498 3489 Q.
520 3405 613 3470 Pedii
637 3407 755 3492 scripsi
779 3406 901 3471 omissa
918 3406 1206 3492 interpretationis

232 3537 350 3598 cruce,
381 3535 481 3600 quam
503 3510 605 3576 Halm
627 3509 682 3574 hic
711 3511 832 3596 posuit.
855 3546 897 3556 —
920 3530 994 3596 cap.
1021 3508 1103 3592 11,2
1127 3521 1207 3576 ante

230 3638 291 3682 sua
310 3615 428 3682 addidi
456 3614 503 3678 de.
527 3652 568 3662 —
584 3635 657 3698 cap.
685 3611 766 3694 tar
788 3622 865 3699 post
878 3612 1060 3692 pervicacia
1078 3611 1205 3680 Sohtttz
