2534 4084
216 241 333 307 XVIII
513 239 718 291 PRAEFATIO
739 239 892 291 CRITICA.

213 428 264 514 65,
283 428 323 494 10
353 429 470 496 Sirker
500 441 577 516 aptc
604 449 735 493 tuouuut
765 428 956 492 iuleucloutis
984 430 1133 494 correxit
1156 430 1189 493 in

213 533 567 598 ououusiuteuoleuteou.
612 557 691 600 nam
721 535 938 600 accusativus
967 551 1100 596 ouuuum
1122 554 1189 597 non

213 637 310 703 simul
348 637 393 703 ad
421 639 636 725 participium
680 636 872 702 iutoudoutis
906 646 939 702 et
974 635 1019 702 ad
1051 634 1191 701 verbum

211 742 342 806 finitum
380 739 554 822 reppulisse
591 741 802 807 referendum
842 740 986 807 videtur.
1032 777 1074 786 -
1117 760 1191 824 cap.

214 846 265 929 to,
288 844 331 908 25
373 867 449 910 cum
493 845 657 911 traditum
694 843 846 927 Visuryiu
889 843 981 909 nullo
1018 842 1117 908 modo
1157 843 1190 906 in

214 959 409 1016 contextum
431 949 498 1014 loci
515 949 668 1035 quadret,
684 947 837 1032 Altingio
861 957 1000 1013 auctore
1023 944 1192 1028 Uusiupiau
1248 971 1249 980 ¹

213 1054 338 1140 recepi.
362 1088 402 1101 -
426 1071 501 1139 cap.
526 1051 597 1136 77‚1
627 1052 776 1134 proximo
809 1061 889 1118 aute
918 1051 1029 1131 priore
1064 1049 1193 1116 delevit

212 1157 394 1223 Burmann.

252 1251 254 1256 ¹
316 1260 436 1347 11,9,8
459 1261 617 1328 lacunam
646 1286 666 1327 a
688 1262 891 1349 Nipperdeio
923 1263 1011 1327 inter
1028 1259 1192 1340 permissu

214 1374 247 1430 et
260 1383 504 1450 propressusque
520 1366 708 1432 indicatam
724 1365 874 1431 eiusdem
886 1366 1123 1432 auctoritatem
1142 1386 1192 1428 se-

214 1477 312 1533 cutus
337 1467 387 1532 his
412 1479 571 1555 quattuor
593 1468 706 1534 verbis
730 1469 880 1554 explevi:
910 1467 1115 1550 imperatoris
1141 1466 1192 1529 do·
1250 1479 1251 1504 ³

212 1570 342 1633 ducitur
364 1591 384 1632 o
408 1569 571 1636 Stertinio,
596 1611 637 1619 —
660 1595 733 1659 cap.
760 1572 842 1658 13‚8
872 1574 960 1639 inter
986 1570 1126 1652 perfidos
1158 1580 1193 1635 et

213 1673 369 1752 voculam
393 1677 422 1738 ol
445 1677 572 1741 inserui
593 1674 710 1760 tostos,
734 1676 824 1762 quod
852 1676 1101 1741 substantivum
1123 1671 1189 1738 hoc

213 1777 288 1843 loco
311 1778 413 1844 valde
436 1778 658 1846 desideratur.
684 1817 723 1830 -
747 1802 819 1867 cap.
845 1777 1111 1864 14,2Beroa1di
1142 1778 1193 1842 in-

214 1881 388 1964 geniosam
410 1885 652 1948 correctionem
674 1902 765 1947 sucro
792 1904 852 1970 pro
882 1882 1008 1949 tradito
1033 1883 1193 1966 genetivo
1252 1957 1253 1960 Ἴ

212 1983 299 2046 sueri
321 1985 356 2049 in
379 1995 510 2052 textum
533 1989 699 2073 recepi-
727 2009 801 2074 cap.
829 1983 912 2071 15,4
940 1996 1018 2052 ante
1050 1983 1193 2050 Varioui

213 2086 415 2154 vocabulum
449 2087 612 2154 Romouos
646 2090 824 2157 delendum
860 2090 1005 2156 videtur.
1039 2124 1081 2136 -
1115 2110 1192 2175 cap.

215 2190 315 2275 17‚12
339 2203 418 2259 ante
441 2193 564 2274 ourupis
586 2217 663 2261 cum
683 2194 886 2283 Nipperdeio
908 2195 1194 2282 praepositionem
1253 2203 1254 2208 ’

212 2294 248 2358 iu
271 2295 400 2362 addidi.
435 2333 476 2343 —
499 2318 574 2386 cap.
609 2297 691 2383 24,5
719 2299 882 2366 traditum
904 2316 993 2360 moro
1015 2296 1190 2363 Gronovio

111 2433 114 2442 ·
213 2409 352 2466 auctore
386 2402 421 2466 in
455 2400 645 2468 ablativum
673 2402 759 2466 moui
787 2403 941 2467 converti
971 2411 1004 2466 et
1033 2402 1067 2464 in
1090 2423 1195 2466 versu

213 2505 324 2589 priore
345 2513 422 2589 post
440 2503 606 2585 profuudo
629 2506 766 2587 inserui,
790 2515 828 2572 ut
850 2505 944 2572 locus
970 2502 1117 2569 difficilis
1141 2506 1192 2569 in-

214 2605 332 2690 tellegi
361 2617 486 2692 posset.
509 2644 552 2657 -
575 2630 648 2696 cap.
677 2607 778 2694 33,18
802 2619 882 2675 ante
910 2608 987 2673 locis
1014 2629 1089 2674 cum
1110 2607 1194 2694 Nip-

213 2709 350 2794 perdeio
379 2710 535 2776 voculam
564 2713 620 2792 qui
647 2712 784 2796 addidi3
813 2714 847 2777 in
871 2735 972 2777 versu
1001 2713 1193 2798 insequenti

213 2823 404 2901 corruptum
419 2813 496 2878 talis
512 2814 667 2881 Grotium
683 2824 817 2881 secutus
840 2817 875 2881 in
897 2820 925 2878 ot
948 2815 1025 2880 aliis
1050 2815 1192 2897 mutavi,

213 2925 251 2981 ut
273 2914 368 2982 locus
394 2917 540 2984 difficilis
564 2929 665 3005 atque
695 2920 854 2985 confusus
877 2918 945 3004 legi
973 2918 1094 2985 saltem
1116 2940 1191 3005 pos·

214 3029 276 3085 set.
310 3057 352 3066 —-
386 3043 460 3110 cap.
495 3020 574 3106 34‚9
596 3024 743 3090 fortasse
770 3024 878 3110 prima
908 3021 1041 3110 syllaba
1071 3021 1191 3088 traditi

212 3121 332 3186 doloris
354 3148 396 3190 ex
419 3127 608 3213 insequenti
632 3126 733 3193 verbo
756 3126 979 3191 documentum
1001 3138 1077 3193 orta
1099 3126 1192 3193 ideo·

213 3249 276 3313 que
311 3227 527 3295 scribendum
560 3240 612 3295 est
645 3231 719 3296 oris.
754 3267 796 3277 -
829 3251 903 3318 cap.
934 3229 986 3316 42,
996 3228 1036 3294 15
1066 3232 1190 3317 optime

212 3331 328 3398 Haase
348 3354 408 3418 pro
439 3332 565 3399 tradito
587 3334 690 3401 verbo
720 3335 864 3422 simplici
879 3335 1081 3417 precandum
1103 3356 1190 3400 com·

211 3438 357 3522 positum
380 3435 611 3515 ‹lepreoouduuu
640 3440 801 3524 coniecit,
836 3461 936 3526 quam
963 3441 1190 3505 coniecturam

212 3544 334 3629 recepi.
357 3578 399 3588 —
421 3539 474 3624 43,
486 3539 528 3604 26
551 3564 594 3608 ex
615 3541 742 3609 Halmii
766 3545 960 3610 coniectura
985 3544 1096 3629 (quam
1120 3545 1190 3631 ipse
