2534 4084
417 278 650 330 ARGUMENTA.
737 227 741 245 =
903 273 1023 341 XXIX

41 474 139 537 nicus
163 470 347 537 Armeniae
374 489 488 553 regem
517 469 676 556 imponit,
711 465 964 554 Cappadociam
991 472 1024 528 et

40 574 294 660 Commagenen
311 575 346 639 in
369 573 511 638 formam
532 572 730 657 provinciae
752 569 889 654 redigit.
912 604 953 616 -
969 564 1021 630 57.

42 679 204 766 superbia
226 679 368 744 Pisonis.
403 686 521 762 aperta
545 675 634 740 odia.
657 711 699 720 -
722 673 774 739 58.
797 673 956 740 Vonones
987 672 1022 736 in

41 781 283 848 contumeliam
305 782 437 847 Pisonis
463 777 562 844 Suria
587 777 750 844 demotus.

145 883 199 949 59.
234 883 454 950 Germanicus
477 881 671 970 Aegyptum
691 883 776 970 petit
811 879 1022 968 improbante

41 989 191 1055 Tiberio.
226 1024 268 1035 —
301 985 352 1051 60.
388 995 422 1052 et
455 986 506 1050 61.
540 988 622 1051 visit
650 984 839 1072 Canopum,
871 993 1024 1051 veterum

40 1093 236 1160 Thebarum
253 1092 410 1176 vestigia,
434 1101 583 1157 statuam
598 1089 795 1173 Memnonis,
818 1089 1023 1178 pyramideS,

40 1199 109 1263 alia
133 1195 311 1263 miracula.
333 1231 375 1242 -
392 1195 443 1259 62.
466 1193 598 1260 Drusus
616 1191 802 1260 Germanos
828 1192 872 1259 ad
896 1193 1022 1258 discor-

42 1301 117 1366 dias
143 1299 254 1364 illicit.
278 1296 447 1364 Catualda
472 1299 506 1362 in
529 1298 658 1381 regiam
680 1297 882 1364 Marobodui
905 1298 1022 1361 irrum-

39 1406 98 1490 pit.
112 1439 155 1450 -
173 1401 226 1467 63.
242 1403 271 1467 is
283 1401 399 1488 pulsus
416 1399 461 1464 ad
475 1400 644 1465 Romanos
661 1401 822 1485 confugit.
839 1400 928 1466 idem
943 1420 1022 1466 mox

40 1505 235 1572 Catualdae
258 1527 368 1570 casus.
393 1540 432 1550 -
456 1503 507 1568 64.
532 1501 734 1572 Germanico
764 1516 798 1571 et
826 1505 940 1570 Druso
967 1504 1021 1570 de-

40 1621 137 1677 creta
172 1611 298 1675 ovatio.
335 1607 570 1694 Rhescuporis,
605 1607 773 1675 Thraciae
806 1633 879 1694 rex,
915 1607 1022 1694 Cotye

38 1713 158 1780 fratris
180 1711 252 1778 filio
275 1721 477 1798 contempto,
500 1713 583 1778 fines
608 1713 798 1797 egreditur,
829 1713 920 1778 illius
944 1735 1019 1798 par·

39 1828 109 1883 tem
134 1817 274 1903 appetit.
301 1851 337 1862 -
362 1814 413 1880 65.
442 1818 515 1902 ipso
539 1814 646 1903 Cotye
668 1840 728 1903 per
756 1817 911 1884 fraudem
933 1838 1021 1882 com·

40 1921 209 2007 prehenso
242 1920 435 1985 universam
456 1919 639 1986 Thraciam
670 1931 822 2009 occupat.
852 1956 892 1968 -
921 1918 972 1983 66.
1002 1942 1022 1983 a

40 2023 180 2090 Tiberio
204 2021 249 2086 ad
272 2044 411 2087 causam
434 2021 614 2088 dicendam
635 2035 776 2090 vocatus
800 2023 912 2112 Cotyn
935 2023 1022 2087 occi-

44 2127 104 2192 dit.
136 2161 169 2171 —-
198 2123 248 2189 67.
264 2125 405 2190 Romam
419 2125 604 2213 perductus
627 2135 659 2192 et
677 2127 856 2194 damnatus
873 2127 1022 2193 Alexan·

44 2230 154 2296 driam
167 2228 343 2295 devehitur
360 2229 472 2316 ibique
488 2229 603 2314 lugam
619 2240 787 2316 temptans
811 2231 1022 2297 interficitur.

42 2371 82 2379 —
111 2330 165 2397 68.
189 2332 348 2398 Vonones
378 2332 423 2399 ad
445 2333 622 2400 Armenios
653 2333 799 2419 effugere
830 2342 972 2402 conatus
1002 2355 1022 2396 a

45 2438 196 2504 Remmio
231 2448 372 2503 evocato
407 2437 610 2504 confoditur.
644 2475 685 2486 -
720 2437 772 2503 69.
798 2437 1020 2505 Germanicus

43 2565 84 2607 ex
99 2541 259 2627 Aegypto
282 2563 436 2608 reversus
462 2550 618 2628 aegrotat
642 2541 779 2622 scelere,
802 2553 839 2608 ut
862 2539 1022 2623 creditur,

41 2647 187 2711 Pisonis.
213 2681 250 2691 -
269 2643 319 2709 70.
341 2668 401 2734 per
422 2644 555 2712 litteras
580 2648 610 2711 ei
632 2647 819 2713 amicitiam
839 2646 1022 2710 renuntiat.

42 2786 73 2796 -
111 2747 165 2814 71.
196 2745 323 2813 Caesar
355 2751 500 2815 moriens
535 2747 739 2816 adsistentes
775 2751 903 2815 amicos
937 2747 1022 2814 allo-

43 2854 158 2938 quitur
192 2851 398 2939 mandatque
433 2853 606 2919 ultionem.
641 2890 682 2900 -
711 2852 761 2918 72.
788 2851 877 2920 datis
900 2851 1023 2938 Agrip·

42 2958 143 3042 pinae
166 2956 304 3039 coniugi
326 2957 461 3022 monitis
484 2959 636 3023 moritur.
671 2993 712 3004 -
747 2956 798 3022 73.
822 2954 1021 3023 Alexandro

43 3061 168 3144 Magno
199 3068 413 3144 comparatus
448 3069 482 3124 et
514 3059 699 3148 praelatus.
735 3098 771 3107 -
810 3059 861 3126 74.
886 3059 1021 3126 Sentius

45 3163 163 3229 Suriae
193 3163 397 3248 praeficitur.
432 3199 474 3210 -
508 3160 560 3228 75.
583 3161 773 3251 Agrippina
801 3164 940 3230 ultionis
964 3186 1020 3227 cu·

44 3267 122 3354 pida
146 3268 181 3331 in
204 3264 322 3332 urbem
343 3275 510 3354 properat.
541 3303 583 3312 -
612 3266 662 3332 76.
686 3267 801 3334 Pisoni
826 3265 1021 3332 Germanici

44 3381 147 3438 morte
172 3369 360 3436 exsultanti
383 3370 528 3436 reditum
557 3373 592 3436 in
616 3368 750 3437 Suriam
779 3370 954 3436 dissuadet
976 3369 1021 3434 M.

46 3475 117 3540 Piso
141 3475 242 3540 filius.
278 3510 321 3520 -
354 3471 405 3539 77.
437 3473 557 3540 suadet
588 3485 708 3541 contra
730 3475 901 3540 Domitius
925 3471 1023 3537 Celer

48 3601 81 3644 ac
103 3576 299 3666 persuadet.
322 3613 364 3624 -
388 3575 439 3644 78.
462 3579 542 3644 Piso
565 3581 670 3644 missa
694 3579 738 3644 ad
754 3577 926 3644 Tiberium
951 3577 1018 3662 epi·
