2500 4084
193 275 254 341 196
515 271 688 324 conuscn
707 269 829 322 rioms

294 461 346 528 54.
369 460 527 528 Ceterum
554 459 696 526 Seianus
725 467 932 525 maerentem
962 466 999 524 et
1033 459 1186 545 inprovi-

193 567 270 634 dam
293 565 396 633 altius
412 564 564 651 perculit,
588 563 746 630 immissis
762 563 820 650 qui
836 583 895 648 per
918 563 1080 648 speciem
1106 563 1188 626 ami-

192 673 294 738 citiae
317 677 491 736 monerent
506 677 662 755 paratum
687 668 717 732 ei
733 688 907 748 venenum,
932 665 1111 732 vitandas
1137 687 1187 728 so·

192 775 260 842 ceri
284 774 411 860 epulas.
456 781 557 858 atque
581 770 640 837 illa
664 770 913 838 simulationum
934 771 1077 852 nescia,
1111 791 1188 835 cmn

153 900 167 939 5
193 887 328 966 propter
351 876 587 959 discumberet,
610 897 677 942 non
693 874 789 942 vultu
812 884 871 941 aut
894 896 1055 941 sermone
1081 873 1185 954 flecti,

192 980 301 1047 nullos
340 982 508 1064 attingere
546 977 657 1061 cibos,
694 977 800 1044 donec
823 977 972 1044 advertit
996 978 1183 1060 Tiberius,

192 1087 345 1152 fortean
368 1088 447 1172 quia
470 1085 664 1167 audiverat3
687 1083 788 1170 idque
811 1104 875 1169 quo
899 1083 1013 1148 acrius
1037 1085 1181 1170 experi-

192 1198 294 1272 retur,
318 1211 425 1275 poma,
449 1199 485 1254 ut
510 1197 606 1256 erant
631 1187 800 1274 adposita,
823 1185 969 1252 laudans
993 1188 1104 1252 nurui
1122 1209 1184 1252 sua

192 1315 295 1360 manu
317 1292 471 1361 tradidit.
517 1301 620 1357 aucta
643 1314 686 1356 ex
721 1313 758 1356 eo
782 1290 927 1377 suspicio
950 1289 1183 1378 Agrippinae,

142 1417 166 1455 ιο
194 1406 226 1462 et
250 1398 380 1462 intacta
404 1418 461 1462 ore
485 1396 590 1462 servis
615 1395 771 1461 tramisit.
817 1415 878 1459 nec
902 1405 1016 1459 tamen
1039 1393 1180 1460 Tiberii

192 1522 261 1564 vox
283 1521 397 1566 coram
420 1509 553 1583 secuta,
587 1499 648 1564 sed
671 1497 831 1564 obversus
864 1497 909 1564 ad
938 1507 1086 1563 matrem
1112 1519 1180 1563 non

193 1605 314 1668 mirum
337 1604 401 1685 ait,
426 1605 454 1667 si
478 1601 558 1689 quid
588 1604 735 1668 severius
766 1603 800 1667 in
831 1612 960 1667 eamst
928 1603 1134 1684 statuisset,
1159 1623 1179 1664 a

193 1730 260 1794 qua
294 1707 449 1774 veneficii
484 1706 745 1773 insimularetur.
791 1705 870 1770 inde
909 1727 1024 1771 rumor
1057 1707 1177 1798 parari

195 1811 347 1896 exitium,
370 1833 477 1899 neque
501 1810 568 1875 id
559 1820 702 1896 imperat
705 1831 795 1874 orem
817 1808 930 1894 palam
953 1809 1098 1894 audere,
1124 1831 1177 1875 se·

141 1933 167 1973 -15
193 1925 321 1982 cretum
344 1914 390 1980 ad
410 1913 671 2001 perpetrandum
693 1914 820 1999 quaeri.

296 2015 348 2084 55.
373 2016 441 2082 Sed
456 2016 584 2082 Caesar
608 2039 672 2102 quo
696 2017 821 2083 famam
843 2024 1026 2098 averteret,
1049 2017 1175 2082 adesse

194 2123 349 2208 frequens
387 2122 521 2186 senatui
563 2119 760 2207 legatosque
792 2118 913 2201 Asiae,
959 2119 1174 2204 ambigentes

194 2247 340 2313 quanam
362 2226 397 2290 in
412 2225 553 2290 civitate
577 2224 737 2310 templum
754 2231 966 2305 statueretur,
989 2222 1096 2308 pluris
1112 2245 1175 2309 per

195 2329 267 2394 dies
290 2328 431 2395 audivit.
454 2328 611 2394 undecim
633 2327 734 2393 urbes
757 2325 947 2408 certabant,
969 2327 1044 2412 pari
1067 2327 1175 2392 ambi·

157 2447 170 2484 ⁵
198 2435 303 2517 tione,
332 2431 460 2497 viribus
493 2431 657 2498 diversae.
701 2452 809 2517 neque
831 2428 972 2496 multum
1007 2428 1173 2496 distantia

195 2537 283 2601 inter
313 2558 347 2600 se
370 2535 602 2601 memorabant
626 2534 667 2600 de
690 2544 861 2600 vetustate
884 2535 1034 2618 generis,
1059 2534 1172 2600 studio

195 2641 230 2704 in
252 2638 410 2726 populum
425 2639 612 2704 Romanum
634 2661 693 2725 per
715 2637 807 2704 bella
823 2638 917 2703 Persi
935 2646 968 2702 et
983 2636 1172 2704 Aristonici

194 2742 403 2829 aliorumque
426 2763 552 2826 regum.
575 2764 691 2808 verum
714 2742 912 2828 Hypaepeni
936 2739 1171 2828 Trallianique

194 2844 399 2911 Laodicenis
418 2867 458 2909 ac
474 2843 691 2930 Magnetibus
715 2843 813 2910 simul
829 2844 979 2911 tramissi
1001 2853 1040 2909 ut
1055 2867 1173 2930 parum

145 2963 169 3002 1⁰
196 2947 319 3033 validi3
348 2971 390 3014 ne
414 2948 555 3014 Ilienses
584 2948 735 3036 quidem,
768 2969 845 3013 cum
873 2956 1047 3035 parentem
1081 2948 1174 3014 urbis

194 3052 321 3119 Romae
344 3051 482 3117 Troiam
510 3053 691 3136 referrent,
720 3053 787 3118 nisi
815 3051 1030 3139 antiquitatis
1063 3051 1174 3136 gloria

195 3156 379 3243 pollebant.
402 3156 538 3243 paulum
561 3155 811 3239 addubitatum,
834 3155 924 3241 quod
938 3154 1173 3222 Halicarnasii

1238 3374 1239 3425 l

195 3259 288 3327 mille
318 3268 351 3327 et
386 3260 549 3327 ducentos
582 3282 642 3347 per
675 3283 782 3326 annos
815 3257 907 3324 nullo
941 3268 1034 3323 motu
1063 3269 1173 3326 terrac

198 3366 373 3428 nutavisse
397 3363 493 3428 sedes
520 3386 597 3428 suas
620 3365 765 3448 vivoque
787 3363 822 3427 in
845 3383 929 3427 saxo
952 3361 1173 3429 fundamenta

148 3481 173 3520 ιο
199 3464 314 3549 templi
338 3464 633 3531 adseveraverant.
666 3466 893 3549 Pergamenos
918 3465 969 3548 (eo
993 3466 1068 3550 ipso
1091 3468 1173 3533 uite

198 3561 335 3642 bantur)
364 3565 449 3630 aede
472 3565 632 3662 Augusto·
649 3569 696 3634 ibi
720 3570 788 3633 sita
817 3569 901 3633 satis
931 3567 1074 3654 adeptos
1107 3591 1172 3634 erc·
