2530 4084
262 317 308 370 AB
327 319 492 372 EXCBSSU
509 316 669 370 AUGUSTI
687 318 723 370 11.
743 319 853 370 ‘tt-80.
990 317 1052 384 1'05

52 510 164 594 bant,
188 511 357 596 utrimque
373 508 496 574 infensi
512 531 607 575 arma
629 512 735 596 primo
753 510 948 597 expediere:
973 510 1051 577 dein

54 624 188 679 mutua
204 613 385 679 formidine
406 634 474 677 non
497 611 587 678 ultra
612 615 758 698 iurgium
772 637 966 700 processum
990 623 1050 697 est,

56 718 274 803 Marsusque
294 715 416 781 Vibius
439 718 610 782 nuntiavit
632 717 746 782 Pisoni
769 719 908 783 Romam
931 718 977 783 ad
1001 719 1048 784 di·
1077 749 1090 789 5

59 821 215 887 cendam
238 840 377 885 causam
391 821 533 885 veniret.
557 820 615 885 ille
639 819 777 886 eludens
800 820 974 908 respondit
993 822 1050 887 ad-

60 926 237 1006 futurum,
259 921 318 987 ubi
340 930 494 1008 praetor,
518 925 573 1008 qui
605 923 646 989 de
669 925 840 990 veneficiis
865 934 1051 1011 quaereret,

60 1050 124 1093 reo
149 1036 253 1113 atque
276 1025 534 1091 accusatoribus
560 1025 648 1092 diem
670 1028 889 1114 prodixisset.
913 1032 1050 1096 interim

61 1131 241 1196 Domitius
265 1128 465 1194 Laodiciam
487 1129 606 1195 urbem
629 1129 749 1196 Suriae
772 1131 952 1218 adpulsus,
976 1155 1052 1198 cum
1081 1188 1083 1193 .

62 1235 214 1300 hiberna
238 1241 358 1298 sextae
373 1232 517 1316 legionis
533 1243 672 1320 peteret,
697 1235 783 1320 quod
809 1257 883 1300 eam
904 1239 1051 1301 maxime
1078 1263 1104 1303 ro

63 1341 167 1404 novis
192 1335 343 1402 consiliis
365 1336 523 1402 idoneam
545 1337 694 1421 rebatur,
720 1359 740 1402 a
762 1339 910 1403 Pacuvio
935 1339 1049 1424 legato

63 1442 299 1529 praevenitur.
344 1441 381 1505 id
404 1439 539 1506 Sentius
562 1443 678 1507 Pisoni
700 1464 760 1527 per
782 1441 916 1509 litteras
941 1445 1051 1528 aperit

64 1555 250 1631 monetque
273 1567 316 1609 ne
339 1553 453 1610 castra
477 1545 744 1630 corruptoribus,
775 1569 818 1611 ne
840 1548 1051 1631 provinciam

65 1648 159 1716 bello
194 1657 347 1734 temptet.
393 1669 541 1735 quosque
576 1646 772 1714 Germanici
799 1671 962 1715 memores
992 1659 1050 1715 aut

68 1754 216 1818 inimicis
230 1754 300 1817 eius
313 1751 475 1818 adversos
492 1764 708 1836 cognoverat,
725 1753 905 1836 contrahit,
921 1755 1049 1838 magni·
1078 1780 1103 1820 15

68 1856 224 1923 tudinem
258 1858 468 1944 imperatoris
504 1856 689 1923 identidem
724 1859 881 1941 ingerens
920 1866 952 1922 et
980 1880 1050 1922 rem

68 1960 243 2047 publicam
265 1962 367 2027 armis
391 1962 480 2046 peti3
505 1960 662 2047 ducitque
685 1961 836 2028 validam
858 1984 994 2026 manum
1017 1971 1053 2025 et

68 2063 199 2151 proelio
222 2073 389 2149 paratam.

175 2165 227 2232 80.
249 2168 327 2234 Nec.
343 2169 431 2251 Piso,
456 2189 655 2254 quamquam
684 2178 804 2254 coepta
829 2191 925 2236 secus
949 2168 1049 2234 cade-

70 2273 166 2354 bant,
183 2273 295 2363 omisit
310 2272 480 2338 tutissima
497 2295 515 2337 e
531 2272 778 2358 praesentibus,
796 2273 856 2338 sed
872 2272 1050 2339 castellum

72 2375 214 2442 Ciliciae
228 2377 392 2441 munitum
416 2375 605 2456 admodum,
629 2379 826 2443 cui'nomen
843 2375 1049 2458 Celenderis,

74 2489 231 2566 occupat3
247 2501 327 2544 nam
344 2479 504 2544 admixtis
523 2479 751 2546 desertoribus
769 2491 802 2546 et
817 2483 926 2547 tirone
943 2502 1049 2565 nuper

74 2585 258 2668 intercepto
296 2583 431 2668 suisque
463 2591 496 2647 et
525 2583 709 2649 Plancinae
745 2584 892 2649 servitiis
921 2582 1049 2648 auxilia
1076 2606 1089 2646 5

74 2686 225 2768 Cilicum,
250 2707 335 2772 quae
357 2685 465 2769 reguli
487 2688 665 2769 miserant,
681 2689 729 2754 ,in
752 2685 1050 2769 numerumlegio-

74 2791 126 2854 nis
154 2799 397 2875 composuerat.
443 2787 668 2875 Caesarisque
703 2808 739 2854 se
767 2789 918 2873 legatum
946 2798 1050 2855 testa-

74 2893 173 2958 batur
194 2893 385 2977 provincia,
410 2910 509 2978 quam
532 2893 559 2956 is
585 2892 753 2977 dedisset,
777 2893 903 2976 arceri,
937 2914 1005 2957 non
1029 2915 1050 2956 a

75 2995 262 3080 legionibus
298 2997 424 3077 (earum
463 2997 584 3082 quippe
613 2997 727 3062 accitu
755 2995 900 3079 venire),
936 2997 996 3061 sed
1029 3018 1049 3060 a

77 3101 189 3166 Sentio
211 3102 380 3187 privatum
411 3099 523 3165 odium
550 3099 646 3164 falsis
676 3099 871 3166 criminibus
902 3108 1048 3183 tegente.
1077 3121 1103 3162 ro

77 3206 295 3273 consisterent
319 3204 353 3268 in
377 3205 460 3286 acie,
483 3224 550 3268 non
572 3205 773 3289 pugnaturis
796 3201 968 3284 militibus,
992 3201 1050 3266 ubi

77 3309 227 3374 Pisonem
255 3306 299 3371 ab
321 3307 402 3392 ipsis
431 3317 605 3392 parentem
634 3305 802 3391 quondam
833 3305 1049 3393 appellatum,

79 3413 107 3477 si
127 3412 197 3476 iure
213 3418 381 3493 ageretur,
404 3411 575 3495 potiorem,
600 3411 629 3474 si
644 3412 757 3494 armis,
780 3432 848 3478 non
864 3407 1050 3475 invalidum

79 3515 247 3581 vidissent.
281 3525 352 3581 tum
374 3536 434 3600 pro
456 3514 830 3580 munimentis-castelli
858 3513 1047 3601 manipulos

81 3619 231 3705 explicat,
254 3617 340 3685 colle
356 3618 461 3684 arduo
485 3629 519 3684 et
538 3618 697 3704 derupt03
720 3639 799 3684 nam
822 3627 938 3685 cetera
962 3617 1047 3684 mari
1075 3611 1110 3676 rs
