2530 4084
1219 11 1238 300 t

226 308 288 376 130
553 310 729 363 CORNELII
747 311 869 362 rscrrr

172 541 197 582 is
223 520 416 606 ingentibus
440 521 585 604 negotiis
601 543 673 608 par,
697 542 735 585 eo
759 522 885 604 acrior,
909 543 973 608 quo
996 542 1159 587 somnum
1182 529 1213 583 et

224 626 381 690 inertiam
410 625 519 708 magis
549 623 753 691 ostentabat.
799 625 905 708 igitur
928 623 1091 690 incolumi
1117 623 1214 687 Mae-

223 739 344 794 cenate
366 729 550 815 proximus,
573 747 652 791 mox
674 728 889 812 praecipuus,
911 729 967 790 cui
989 735 1130 792 secreta
1155 728 1213 790 im-

223 843 415 918 peratorum
452 831 692 914 inniterentur,
728 839 761 894 et
794 829 1020 895 interficiendi
1054 829 1213 894 Postumi

224 935 395 1021 Agrippae
418 934 582 1016 conscius,
606 941 720 998 aetate
741 942 902 1018 provecta
926 936 1073 1019 speciem
1094 934 1212 1015 magis

170 1061 196 1101 ao
224 1042 258 1104 iu
282 1039 434 1103 amicitia
466 1039 627 1124 principis
652 1058 750 1122 quam
780 1038 848 1101 vim
877 1039 995 1101 tenuit.
1039 1037 1149 1122 idque
1180 1044 1212 1099 et

223 1143 416 1208 Maecenati
446 1139 635 1223 acciderat,
674 1141 745 1205 fato
778 1142 951 1226 potentiae
980 1163 1058 1206 raro
1085 1140 1211 1225 sempi-

222 1255 356 1328 ternae,
380 1268 424 1310 an
454 1247 559 1309 satias
583 1247 675 1330 capit
699 1254 758 1309 aut
782 1244 874 1328 illos,
904 1267 982 1310 cum
1010 1246 1126 1309 omnia
1151 1243 1210 1307 tri-

223 1350 376 1434 buerunt,
401 1357 458 1414 aut
482 1349 552 1431 hos,
577 1370 653 1413 cum
676 1350 743 1414 iam
758 1348 843 1413 nihil
865 1347 1031 1434 reliquum
1047 1356 1100 1412 est
1116 1343 1211 1433 quod

227 1455 376 1541 cupiant.
818 1518 823 1525 ,

328 1555 379 1620 31.
404 1556 562 1642 Sequitur
584 1555 700 1620 Tiberi
724 1566 879 1642 quartus,
903 1553 1007 1620 Drusi
1033 1553 1208 1620 secundus

224 1659 429 1743 consulatus,
451 1661 558 1747 patris
583 1668 684 1746 atque
706 1659 768 1724 filii
783 1659 927 1744 collegio
944 1661 1102 1743 insignis.
1126 1679 1207 1724 nam

225 1766 370 1830 triennio
395 1774 473 1829 ante
498 1761 692 1828 Germanici
722 1786 798 1830 cum
820 1762 955 1828 Tiberio
985 1762 1076 1828 idem
1100 1763 1208 1828 honor

222 1891 331 1954 neque
364 1879 484 1954 patruo
513 1868 624 1932 laetus
658 1890 766 1953 neque
795 1877 918 1932 natura
953 1877 1025 1932 tam
1052 1887 1205 1933 conexus
1255 1867 1256 1886 ³

185 1993 198 2033 s
224 1972 344 2036 fuerat.
380 1973 450 2036 eius
475 1972 554 2036 anni
582 1971 745 2057 principio
769 1969 924 2036 Tiberius
948 1972 1046 2057 quasi
1069 1971 1206 2036 firman-

226 2074 290 2139 dae
317 2072 505 2138 valetudini
535 2074 570 2139 in
600 2072 820 2160 Campaniam
849 2075 1035 2156 concessit,
1064 2073 1205 2159 longam

224 2187 257 2244 et
284 2179 478 2243 continuam
508 2177 698 2242 absentiam
718 2176 884 2264 paulatim
914 2177 1104 2260 meditans,
1134 2180 1205 2242 sive

222 2292 260 2347 ut
293 2289 404 2346 amoto
438 2290 535 2366 patre
563 2280 693 2346 Drusus
728 2283 842 2346 munia
877 2280 1075 2347 consulatus
1112 2281 1202 2347 solus

222 2383 384 2471 impleret.
408 2406 449 2448 ac
472 2385 559 2449 forte
581 2406 687 2472 parva
710 2407 763 2450 res
778 2405 938 2469 magnum
961 2385 1006 2450 ad
1029 2395 1203 2451 certamen

171 2513 195 2552 10
222 2508 402 2574 progressa
430 2485 585 2573 praebuit
614 2489 727 2553 iuveni
749 2490 923 2555 materiem
952 2489 1131 2573 apiscendi
1155 2490 1201 2554 fa·
1252 2555 1253 2574 2

222 2593 322 2656 voris.
367 2590 536 2656 Domitius
566 2589 711 2657 Corbulo
741 2601 900 2678 praetura
928 2593 1066 2658 functus
1097 2592 1140 2657 de
1162 2592 1201 2657 L.
1252 2575 1253 2663 l

223 2693 319 2759 Sulla
352 2693 458 2759 nobili
493 2696 613 2759 iuvene
653 2703 790 2781 questus
825 2704 875 2760 est
911 2695 1001 2783 apud
1035 2705 1201 2780 senatum,

223 2797 311 2884 quod
342 2797 406 2862 sibi
435 2799 523 2863 inter
552 2798 746 2885 spectacula
777 2798 1004 2883 gladiatorum
1033 2797 1111 2866 loco
1134 2822 1200 2865 non
1251 2803 1252 2877 l

223 2901 435 2967 decessisset.
482 2923 541 2988 pro
576 2900 765 2967 Corbulone
800 2911 912 2988 aetas,
945 2903 1077 2988 patrius
1119 2925 1199 2986 mos,

171 3029 196 3070 rs
223 3005 338 3070 studia
360 3005 527 3071 seniorum
551 3015 663 3071 erant:
692 3016 811 3072 eontra
834 3005 1024 3072 Mamercus
1050 3004 1198 3072 Scaurus
1250 3027 1251 3093 q

223 3117 255 3173 et
278 3108 318 3173 L.
342 3106 523 3173 Arruntius
555 3107 680 3194 aliique
704 3108 818 3175 Sullae
844 3110 1022 3196 propinqui
1044 3110 1198 3176 niteban-

222 3223 287 3278 tur.
334 3210 577 3298 certabantque
613 3213 821 3279 0rationibus
858 3223 892 3278 et
925 3213 1197 3280 memorabantur
1249 3237 1250 3309 q

223 3315 376 3401 exempla
411 3317 588 3399 maiorum,
624 3318 679 3402 qui
720 3318 903 3382 iuventutis
937 3319 1195 3385 inreverentiam

223 3417 383 3502 gravibus
408 3416 552 3483 decretis
576 3421 802 3504 notavissent,
833 3421 938 3486 donec
961 3420 1094 3487 Drusus
1119 3433 1194 3509 apta
1248 3459 1249 3525 q

172 3543 198 3584 ao
225 3519 452 3606 temperandis
476 3523 595 3586 animis
621 3521 797 3608 disseruit3
827 3533 859 3589 et
883 3524 1098 3591 satisfactum
1121 3525 1193 3591 Cor·

224 3619 339 3686 buloni
362 3643 421 3708 per
436 3621 651 3707 Mamercum,
675 3627 730 3713 qui
753 3637 891 3712 patruus
917 3627 1016 3693 simul
1040 3649 1081 3693 ac
1105 3631 1192 3694 vitri-
1247 3669 1248 3741 ,
