2534 4084
206 287 273 352 ΧΠ
584 285 807 336 raoomuuu

205 477 355 541 tissimus
380 474 544 541 Cocceius
567 476 678 541 Nerva
702 476 876 561 imperium
900 475 1047 558 suscepit
1072 483 1121 558 et,
1146 473 1185 538 id

207 579 295 666 quod
317 579 421 644 multo
445 579 552 643 maius
575 578 773 664 feliciusque
795 577 876 659 fuit,
905 577 1040 663 Ulpium
1063 577 1186 642 Traia·

206 706 287 747 num
310 682 498 767 adoptavit.
544 681 680 747 biennio
708 690 784 768 post
807 681 847 745 L.
871 680 1052 764 Verginius
1074 681 1184 745 Rufus

205 785 321 850 consul
345 785 499 871 idemque
529 794 620 850 tutor
642 785 743 849 Plinii
772 786 910 850 minoris
941 793 1090 850 mortuus
1121 794 1185 866 est,

205 891 260 954 cui
282 890 395 954 Nerva
418 887 576 954 Tacitum
598 889 634 953 in
658 886 837 954 consulatu
861 887 1001 954 suffecit.
1026 889 1054 951 is
1077 888 1185 971 igitur

203 1002 352 1059 veterem
374 994 532 1073 amicum,
563 993 619 1077 qui
641 993 773 1058 Nerone
804 991 933 1057 deiecto
962 992 1094 1077 saepius
1125 992 1186 1055 im-

205 1098 333 1183 perium
350 1119 370 1160 a
385 1095 549 1160 militibus
565 1094 714 1161 delatum
728 1085 854 1178 magna
868 1095 971 1160 animi
988 1096 1185 1160 constantia

205 1209 432 1282 recusaverat,
457 1201 609 1264 oratione
632 1199 781 1282 funebri,
810 1201 860 1264 uti
883 1221 954 1264 mos
978 1206 1062 1281 erat,
1085 1219 1186 1263 orna-

206 1305 267 1387 vit,
290 1305 339 1369 ita
362 1312 400 1368 ut
430 1302 487 1366 ille
510 1303 563 1367 vir
585 1301 793 1368 clarissimus
822 1301 1032 1367 laudatorem
1060 1310 1186 1366 nactus

205 1409 249 1472 sit
284 1407 600 1492 eloquentissimum.
646 1428 733 1472 anno
776 1407 958 1471 centesimo
993 1404 1185 1470 consularis

204 1510 343 1576 Tacitus
368 1511 503 1595 eiusque
526 1508 809 1575 familiarissimus
833 1509 961 1574 Plinius
985 1508 1101 1574 consul
1127 1508 1185 1573 dc·

206 1616 359 1699 signatus
383 1612 426 1678 ab
451 1624 570 1679 senatu
593 1615 675 1678 iussi
699 1623 777 1678 sunt
799 1613 890 1678 Afris
914 1612 1184 1699 provincialibus

206 1719 240 1782 in
264 1717 388 1783 iudicio
419 1715 549 1798 adesse,
581 1718 636 1801 qui
659 1715 804 1781 Marium
826 1716 979 1780 Priscum
1001 1737 1184 1802 proconsu-

205 1820 270 1886 lem
293 1820 335 1885 de
357 1818 552 1906 repetundis
569 1818 837 1905 postulaverant.
861 1821 956 1884 cuius
979 1840 1083 1884 causa
1107 1841 1184 1884 cum

205 1926 239 1988 in
257 1932 375 1988 senatu
392 1931 561 2006 ageretur,
584 1922 695 1987 triduo
712 1923 810 1988 ambo
834 1921 885 1987 illi
901 1923 1003 1988 amici
1025 1944 1092 1987 non
1110 1924 1184 1987 sine

204 2048 328 2110 magna
345 2012 560 2092 contentione
573 2025 761 2108 effecerunt,
779 2035 814 2091 ut
830 2027 1087 2091 nocentissimus
1104 2049 1182 2091 reus

206 2131 498 2197 condemnaretur.
522 2152 587 2215 qua
604 2131 638 2193 in
655 2153 691 2194 re
707 2129 837 2213 Tacito,
853 2140 891 2195 ut
905 2129 1050 2213 videtur,
1065 2140 1182 2214 partes

204 2234 377 2320 aliquanto
395 2233 601 2298 difficiliores
619 2231 812 2316 obtigerunt
829 2255 928 2319 quam
942 2232 1062 2299 Plinio.
1085 2256 1181 2299 sena-

203 2347 258 2402 tus
282 2339 387 2421 igitur
408 2345 568 2421 patronos
591 2337 738 2400 victores
761 2335 1098 2402 honorificentissime
1113 2336 1181 2402 col-

204 2439 369 2522 laudavit,
393 2439 482 2526 quod
497 2461 632 2504 munere
649 2438 829 2523 diligenter
851 2439 1048 2526 fortiterque
1070 2441 1181 2506 functi

205 2553 329 2608 essent.
1255 2629 1256 2634 ἵ

305 2647 358 2711 De
388 2655 538 2712 extrema
562 2646 673 2711 Taciti
702 2648 774 2712 vita
803 2646 900 2713 nobis
934 2647 1018 2712 nihil
1047 2647 1180 2733 quidem
1255 2639 1256 2644 ἵ

204 2753 288 2818 certi
322 2759 475 2833 constat,
509 2759 661 2816 attamen
696 2751 893 2835 imperatori
925 2750 1089 2833 Traiano,
1124 2753 1179 2836 qui

205 2877 292 2922 anno
305 2853 443 2920 CXVII.
459 2864 610 2919 mortuus
628 2862 688 2936 est,
705 2853 879 2939 paululum
892 2864 1059 2941 superstes
1076 2854 1180 2920 fuisse

204 2959 348 3023 videtur.

306 3060 428 3147 Opera,
452 3083 538 3149 quae
562 3062 597 3125 in
621 3060 728 3126 lucem
752 3061 874 3144 edidit,
904 3062 1028 3146 partim
1050 3063 1179 3128 maiora

203 3163 326 3248 partim
347 3164 477 3228 minora
501 3171 588 3227 sunt.
626 3163 813 3248 exquibus
843 3166 908 3230 tria
936 3166 1065 3230 minora
1088 3167 1177 3251 prius

204 3287 387 3351 apparuere
410 3274 443 3330 et
467 3265 601 3352 quidem
622 3265 778 3346 Aqricola
800 3275 833 3331 et
858 3266 1038 3332 Germania
1061 3268 1178 3334 eodem

205 3391 292 3435 anno
310 3367 465 3434 XCVIII.
489 3370 675 3456 imperante
690 3369 847 3435 Traiano.
873 3370 988 3435 eodem
1010 3369 1080 3436 fere
1096 3381 1176 3437 tem-

202 3496 283 3560 pore
313 3474 414 3539 etiam
443 3476 585 3560 primum
608 3496 705 3562 opus,
732 3473 895 3556 dialopcm
923 3473 962 3538 dc
985 3473 1174 3559 oratoribus

204 3579 429 3662 composuisse
463 3577 613 3663 videtur,
642 3600 706 3665 quo
738 3578 929 3643 continetur
964 3578 1175 3664 disceptatio,
