2530 4084
263 346 309 396 AB
327 343 492 396 Excusso
509 341 668 396 AUGUSTI
685 343 733 394 IV.
753 345 862 394 10-13.
990 343 1050 407 167
1141 391 1143 395 ,

63 555 147 600 cura
177 544 299 604 nostra
322 536 468 618 venerit,
501 557 544 599 ne
568 533 744 617 divulgata
774 545 875 621 atque
907 531 1051 599 incredi-

61 640 149 707 bilia
176 641 280 708 avide
303 643 549 728 acceptaveris
572 661 681 727 neque
705 643 739 706 in
754 640 953 708 miraculum
976 661 1050 705 cor·

63 747 178 832 ruptis
206 745 447 812 antehabeant.

176 848 230 916 12.
254 847 411 916 (laterum
433 847 595 916 laudante
615 849 721 915 filium
735 872 795 936 pro
818 851 938 916 rostris
954 847 1052 914 'libe-

64 955 113 1018 rio
140 964 284 1020 senatus
300 953 508 1041 populusque
530 952 684 1020 habitum
700 977 739 1021 ac
755 976 856 1021 voces
881 954 1053 1020 dolentum

65 1059 290 1124 simulatione
311 1060 421 1143 magis
445 1080 545 1146 quam
566 1057 676 1124 libens
706 1057 880 1143 induebat,
905 1058 1052 1126 domum-

66 1182 132 1247 que
177 1160 373 1229 Germanici
412 1164 619 1228 revirescere
663 1161 788 1228 occulti
825 1161 1052 1228 laetabantur.

67 1266 162 1350 quod
185 1267 387 1352 principium
408 1266 536 1332 favoris
560 1275 592 1331 et
616 1274 725 1331 mater
747 1263 937 1353 Agrippina
962 1286 1053 1353 spem
1080 1279 1093 1318 ⁵

67 1368 160 1434 male
185 1378 304 1454 tegens
327 1372 511 1456 perniciem
536 1369 784 1436 adceleravere.
807 1392 887 1435 nam
911 1368 1053 1436 Seianus

67 1470 128 1537 ubi
164 1472 260 1538 videt
292 1484 435 1540 mortem
455 1473 561 1539 Drusi
594 1473 737 1539 inultam
771 1473 1054 1558 interfectoribus,

70 1576 146 1642 sine
161 1598 315 1643 maerore
337 1576 473 1664 publico
498 1600 582 1662 esse,
605 1571 894 1661 ferox'scelerum,
918 1587 951 1644 et
974 1579 1054 1664 quia

68 1680 181 1764 prima
202 1690 440 1767 provenerant,
463 1680 618 1747 volutare
641 1702 763 1764 secum,
787 1700 931 1767 quonam
953 1679 1053 1745 modo

71 1779 272 1850 Germanioi
294 1782 419 1850 liberos
442 1791 661 1870 perverteret,
697 1804 837 1868 quorum
857 1803 925 1848 non
950 1782 1053 1850 dubia
1081 1798 1106 1838 1⁰

72 1888 257 1955 successio.
302 1909 410 1974 neque
434 1889 549 1974 spargi
572 1908 738 1954 venenum
761 1889 796 1952 in
819 1896 887 1953 tres
909 1895 1054 1972 poterat,

72 1992 214 2074 egregia
237 1990 415 2057 custodum
436 1991 503 2056 fide
527 2002 560 2057 et
582 1991 748 2079 pudicitia
772 1989 981 2078 Agrippinae
1004 1991 1054 2056 iu-

70 2093 287 2179 penetrabili.
332 2096 438 2178 igitur
476 2097 724 2161 contumaciam
766 2097 837 2160 eius
882 2096 1054 2177 insectari,

72 2207 172 2262 vetus
195 2196 371 2282 Augustae
395 2196 518 2283 odium,
541 2209 711 2265 recentem
733 2197 855 2264 Liviae
880 2198 1054 2264 conscien-

72 2303 157 2367 tiam
173 2303 360 2386 exagitare,
383 2311 420 2366 ut
436 2300 615 2389 superbam
629 2300 850 2385 fecunditate,
875 2301 1056 2367 subnixam
1083 2320 1108 2362 1⁶

72 2403 290 2492 popularibus
315 2404 435 2471 studiis
459 2406 590 2472 inhiare
613 2405 834 2472 dominationi
857 2403 948 2492 apud
971 2403 1055 2470 an-

75 2532 186 2575 sarem
209 2519 401 2593 arguerent.
440 2507 568 2595 alitque
590 2510 675 2575 haec
704 2507 839 2575 callidis
863 2509 1054 2574 criminato·

74 2613 179 2697 ribus,
204 2614 292 2678 inter
321 2634 402 2699 quos
428 2612 602 2697 delegerat
625 2613 748 2679 Iulium
769 2613 973 2696 Postumum,
996 2634 1056 2699 per

74 2715 278 2782 adulterium
299 2715 454 2782 Mutiliae
469 2718 606 2808 Priscae
629 2718 718 2782 inter
739 2717 876 2781 intimos
901 2717 999 2780 aviae
1023 2724 1056 2779 et

74 2819 228 2886 consiliis
262 2821 330 2886 suis
363 2820 597 2906 peridoneum,
632 2821 710 2906 quia
732 2819 851 2885 Prisca
879 2819 915 2883 in
943 2819 1055 2884 animo
1082 2837 1109 2880 ro

73 2921 252 3008 Augustae
279 2922 396 2989 valida
430 2946 529 2989 anum
565 2933 684 3010 suapte
717 2931 841 2989 natura
883 2923 1056 3008 potentiae

75 3029 216 3093 anxiam
239 3026 474 3093 insociabilem
495 3029 594 3092 nurui
618 3025 799 3092 efficiebat.
845 3025 1056 3112 Agrippinae

75 3153 206 3217 quoque
237 3131 383 3217 proximi
420 3129 660 3196 inliciebantur
694 3131 810 3215 pravis
846 3127 1054 3194 sermonibus

75 3232 222 3299 tumidos
247 3233 383 3318 spiritus
407 3232 652 3318 perstimulare.

179 3334 230 3400 13.
254 3334 301 3402 At
323 3335 479 3402 Tiberius
503 3336 589 3402 nihil
612 3338 805 3403 intermissa
828 3359 938 3402 rerum
961 3357 1054 3420 cura,

78 3440 214 3524 negotia
236 3461 297 3526 pro
322 3439 459 3506 solaciis
483 3441 672 3528 accipiens,
706 3443 756 3505 ius
780 3441 914 3523 civium,
936 3461 1054 3525 preces

81 3543 243 3608 sociorum
265 3540 455 3627 tractabat3
492 3543 652 3628 factaque
680 3551 818 3608 auctore
849 3563 886 3606 eo
917 3535 1054 3608 senatis

83 3643 252 3729 consulta,
289 3656 327 3712 ut
370 3646 503 3712 civitati
541 3643 759 3732 Cibyraticae
802 3643 890 3728 apud
925 3643 1053 3729 Asiam,
