2530 4084
298 344 344 395 AB
363 344 526 396 EXCESSU
545 343 703 396 AUGUSTI
722 345 771 396 III.
790 345 883 395 5-10.
1015 345 1077 411 115
1103 375 1114 393 ι

202 535 232 600 8.
254 535 301 601 At
322 535 400 600 Piso
421 535 606 621 praemisso
630 536 665 599 in
687 534 804 600 urbem
826 533 896 600 filio
920 535 1075 624 datisque

80 639 278 722 mandatis,
301 661 360 726 per
376 661 460 725 quae
481 640 667 726 principem
689 638 845 721 molliret,
869 639 913 706 ad
928 639 1076 707 Drusum

81 744 224 830 pergit,
256 765 354 829 quem
381 742 473 807 haud
502 744 617 808 fratris
649 745 788 808 interitu
817 752 945 809 trucem
975 767 1076 831 quam

83 856 224 912 remoto
249 845 378 911 aemulo
407 848 598 932 aequiorem
627 846 691 912 sibi
721 846 891 933 sperabat.
920 847 1073 915 Tiberius

86 973 161 1037 quo
192 951 361 1034 integrum
389 950 550 1015 iudicium
579 958 783 1032 ostentaret,
813 961 989 1037 exceptum
1019 975 1073 1018 oo·
1101 980 1113 1020 5

85 1056 196 1120 miter
218 1055 372 1119 iuvenem
396 1063 491 1119 sueta
516 1076 596 1139 erga
612 1053 699 1119 filios
723 1054 928 1120 familiarum
943 1054 1073 1120 nobiles

87 1157 305 1224 liberalitate
328 1167 441 1242 auget.
478 1157 610 1223 Drusus
633 1157 766 1241 Pisoni,
801 1160 829 1223 si
852 1179 935 1223 vera
963 1159 1074 1224 forent

90 1285 184 1348 quae
199 1263 402 1345 iacerentur,
424 1264 639 1349 praecipuum
662 1261 829 1327 indolere
853 1284 948 1326 suum
964 1261 1074 1328 locum

90 1364 289 1453 respondit:
314 1364 374 1431 sed
396 1365 497 1430 malle
520 1365 607 1431 falsa
631 1373 665 1434 et
688 1367 803 1430 inania
832 1387 895 1431 nec
919 1369 1074 1452 cuiquam

91 1478 238 1535 mortem
261 1466 455 1535 Germanici
478 1470 659 1535 exitiosam
682 1491 766 1535 esse.
796 1469 881 1535 haee
903 1470 1017 1557 palam
1041 1481 1074 1536 et
1102 1500 1127 1538 10

93 1575 204 1638 vitato
241 1573 331 1638 omni
372 1582 519 1658 secret03
557 1595 665 1660 neque
699 1573 944 1640 dubitabantur
978 1597 1074 1662 prae-

95 1679 224 1764 scripta
259 1677 289 1741 ei
324 1699 344 1741 a
372 1676 523 1762 Tiberio,
558 1699 634 1744 oum
667 1677 848 1744 incallidus
886 1677 1011 1765 alioqui
1041 1691 1075 1746 et

93 1780 208 1845 facilis
233 1781 371 1846 iuventa
395 1778 556 1846 senilibus
580 1791 651 1846 tum
674 1781 803 1847 artibus
827 1791 987 1847 uteretur.

198 1883 230 1948 9.
252 1883 330 1948 Piso
353 1883 546 1950 Delmatico
574 1886 661 1951 mari
689 1887 848 1952 tramisso
876 1887 1074 1972 relictisque

93 1986 185 2073 apud
208 1986 384 2053 Anconam
407 1987 550 2054 navibus
573 2011 633 2076 per
654 1989 815 2054 Picenum
837 2012 878 2056 ao
900 2012 980 2056 mox
994 1990 1073 2056 Fla-

92 2092 236 2156 miniam
257 2092 347 2157 viam
372 2091 567 2179 adsequitur
589 2093 767 2177 legionem,
791 2116 878 2181 quae
902 2117 920 2160 e
942 2095 1073 2160 Panno·

92 2196 153 2260 nia
177 2195 212 2260 in
242 2194 376 2278 urbem,
407 2195 484 2262 dein
507 2197 677 2283 praesidio
700 2195 839 2263 Africae
870 2197 1073 2263 ducebatur:

94 2321 199 2386 eaque
223 2320 277 2364 res
302 2301 434 2383 agitata
457 2300 662 2382 rumoribus,
696 2303 789 2365 utin
813 2301 948 2385 agmine
972 2310 1074 2387 atque
1100 2325 1113 2365 a

93 2405 217 2468 itinere
229 2401 348 2468 crebro
365 2425 401 2468 se
415 2402 580 2468 militibus
598 2406 849 2469 ostentavisset.
873 2404 917 2470 ab
933 2405 1073 2489 Narnia,

92 2505 259 2571 vitandae
287 2508 485 2593 suspicionis
516 2530 560 2572 an
589 2509 667 2594 quia
698 2508 831 2594 pavidis
866 2507 1008 2573 consilia
1039 2511 1073 2574 in

93 2612 224 2676 incerto
250 2619 343 2694 sunt,
365 2611 458 2676 Nare
482 2633 521 2676 ac
544 2634 624 2676 mox
646 2611 761 2677 Tiberi
792 2611 953 2678 devectus
977 2613 1073 2677 auxit

93 2714 189 2799 vulgi
212 2715 292 2797 iras,
317 2715 394 2802 quia
409 2737 531 2780 navem
554 2716 679 2782 tumulo
695 2713 879 2781 Caesarum
895 2715 1074 2802 adpulerat

95 2819 215 2906 dieque
240 2828 273 2883 et
294 2819 370 2904 ripa
392 2819 569 2904 frequenti,
593 2840 716 2904 magno
741 2820 915 2885 clientium
938 2820 1072 2903 agmine
1099 2843 1124 2880 ιο

93 2925 176 3008 ipse,
200 2922 398 2987 feminarum
432 2925 596 2989 comitatu
617 2923 783 2988 Plancina
812 2933 845 2989 et
875 2922 970 2989 vultu
1001 2922 1072 2989 ala·

94 3049 167 3092 eres
193 3025 372 3090 incessere.
396 3027 458 3091 fuit
483 3029 571 3092 inter
599 3028 818 3092 inritamenta
842 3027 992 3094 invidiae
1016 3027 1072 3094 do-

93 3152 165 3196 mus
191 3129 263 3193 foro
294 3131 459 3194 inminens
490 3130 578 3195 festa
608 3139 730 3195 ornatu
753 3131 1010 3218 conviviumque
1038 3141 1072 3197 et

97 3231 218 3320 epulae
242 3243 275 3298 et
298 3231 498 3297 celebritate
521 3233 587 3299 loei
608 3232 694 3298 nihil
719 3232 895 3299 occultum.

199 3333 248 3400 10.
270 3334 411 3401 Postera
435 3336 490 3401 die
504 3335 679 3401 Fulcinius
703 3336 782 3403 Trio
805 3338 960 3404 Pisonem
982 3337 1073 3426 apud

94 3437 252 3505 consules
275 3438 469 3525 postulavit.
508 3450 629 3507 contra
651 3440 809 3508 Vitellius
840 3467 881 3509 ac
903 3442 1069 3507 Veranius

94 3543 263 3628 ceterique
286 3540 525 3610 Germanicum
548 3546 700 3612 comitati
723 3545 927 3630 tendebant,
957 3545 1069 3612 nullas

95 3667 167 3712 esse
181 3647 288 3731 partis
304 3645 436 3732 Trioni3
457 3669 565 3736 neque
582 3671 617 3712 se
633 3659 860 3732 accusatores,
885 3650 944 3714 sed
959 3671 1069 3714 rerum

966 3785 999 3839 8}
