2500 4084
237 341 283 392 us
302 339 467 391 uxosssu
485 337 643 390 suousm
664 339 707 390 ιν.
730 339 840 390 11-11.
978 335 1042 401 203

60 532 223 616 Quintae,
248 533 382 618 eiusque
407 541 554 602 statuam
576 532 644 594 vim
668 531 795 614 ignium
817 527 870 594 bis
894 527 1043 611 elapsam
1072 539 1096 578 1⁵

59 637 209 702 maiores
234 635 323 722 apud
351 634 470 700 aedem
498 635 616 700 matris
646 633 744 699 deum
778 631 1043 700 consecravisse.

61 748 204 804 sanctos
221 748 446 825 acceptosque
468 736 660 803 numinibus
677 735 838 803 Claudios
863 744 896 801 et
921 753 1044 818 angen·

63 842 144 908 dam
161 843 401 908 caerimoniam
415 840 500 925 loco,
523 842 558 906 in
575 862 639 927 quo
655 850 788 906 tantum
810 840 845 904 iu
860 839 1044 926 prinoipem

62 946 227 1012 honorem
251 944 285 1011 di
309 944 530 1011 ostenderint.

170 1047 222 1115 65.
245 1048 349 1116 Haud
381 1050 483 1115 fuerit
517 1047 700 1114 absurdum
733 1046 867 1113 tradere
900 1055 1046 1113 montem

63 1175 142 1219 eum
165 1153 352 1240 antiquitus
370 1151 679 1240 Querquetulanum
694 1157 917 1236 cognomento
933 1149 1046 1232 fuisse,

63 1256 158 1343 quod
181 1255 259 1322 talis
285 1256 391 1323 silvae
414 1256 571 1342 frequens
595 1254 827 1341 fecundusque
851 1262 939 1338 erat,
969 1275 1048 1319 mox

64 1359 220 1426 Caelium
254 1359 487 1447 appellitatum
518 1382 538 1425 a
568 1356 670 1424 Caele
693 1356 867 1441 Vibenna,
897 1357 953 1444 qui
978 1356 1048 1422 dux

65 1465 181 1548 gentis
204 1463 370 1530 Etruscae
392 1481 468 1530 oum
492 1459 656 1528 auxilium
677 1462 900 1548 portavisset,
934 1460 1047 1526 sedem
1074 1491 1087 1531 1

65 1589 143 1632 eam
167 1575 347 1652 acceperat
371 1587 391 1632 a
414 1565 598 1652 Tarquinio
620 1565 755 1648 Prisco,
779 1581 838 1629 seu
861 1565 935 1652 quis
959 1564 1047 1630 alius

65 1687 188 1753 regum
223 1667 331 1734 dedit:
365 1690 445 1734 nam
476 1669 656 1754 scriptores
692 1668 726 1732 in
762 1689 800 1733 eo
834 1667 1049 1734 dissentiunt.

66 1783 185 1838 cetera
207 1793 273 1838 non
298 1771 458 1856 ambigua
481 1781 574 1856 sunt,
604 1791 747 1855 magnas
772 1789 828 1838 aas
852 1774 968 1859 copias
990 1795 1051 1859 per

65 1875 174 1962 plana
204 1877 308 1942 etiam
336 1897 377 1942 ac
405 1876 477 1942 foro
500 1877 688 1963 propinqua
710 1873 937 1960 habitavisse,
960 1876 1050 1942 unde

66 1979 216 2043 Tuscum
238 1981 350 2045 vicum
373 2003 390 2044 e
413 1978 580 2045 vocabulo
604 1978 813 2044 advenarum
836 1978 972 2045 dictum.
1079 2007 1103 2044 ro

175 2081 227 2148 66.
252 2081 319 2149 Sed
340 2093 377 2149 ut
402 2083 516 2150 studia
545 2102 719 2170 procerum
743 2091 775 2147 et
800 2081 938 2167 largitio
960 2086 1051 2168 prin-

71 2187 157 2273 cipis
182 2186 362 2253 adversum
384 2207 484 2253 casus
509 2183 679 2265 solacium
695 2185 855 2269 tulerant,
880 2188 929 2252 ita
952 2188 1052 2254 accu-

72 2299 222 2356 satorum
243 2292 349 2356 maior
379 2293 413 2356 in
443 2290 514 2356 dies
547 2299 580 2355 et
605 2289 758 2356 infestior
785 2291 837 2354 vis
867 2292 940 2356 sine
961 2292 1053 2358 leva·

71 2401 185 2458 mento
209 2394 450 2478 grassabatur3
474 2394 746 2480 corripueratque
768 2393 898 2459 Varum
921 2394 1052 2476 Quinti-

72 2497 165 2580 lium,
200 2495 339 2564 divitem
374 2509 406 2564 et
440 2496 582 2564 Caesari
616 2498 853 2584 propinquum,
883 2497 1053 2564 Domitius
1081 2527 1094 2566 s

73 2599 165 2684 Afer,
189 2597 353 2668 Claudiae
375 2601 541 2668 Pulchrae
564 2602 682 2667 matris
702 2601 778 2666 ¹eins
802 2600 1054 2686 condemnator,

74 2702 166 2769 nullo
189 2707 333 2772 mirante
349 2705 438 2793 quod
462 2705 519 2771 diu
543 2723 645 2790 egens
663 2713 695 2770 et
710 2713 809 2791 parto
832 2727 938 2791 nuper
958 2727 1054 2792 prae-

73 2809 140 2872 mio
174 2807 262 2874 male
292 2831 370 2876 usus
393 2809 491 2897 plura
520 2809 565 2875 ad
587 2809 719 2893 flagitia
749 2809 995 2893 accingeretur.
1018 2809 1075 2874 P.-

75 2910 293 2978 Dolabellam
322 2915 449 2979 socium
479 2910 661 2978 delationis
693 2913 865 2978 exstitisse
892 2910 1056 2979 miraculo

76 3023 158 3097 erat,
182 3015 261 3102 quia
284 3015 384 3082 claris
407 3015 591 3082 maioribus
616 3025 649 3080 et
671 3014 763 3080 Varo
787 3036 936 3082 conexus
961 3037 1055 3081 suam
1083 3045 1108 3085 ro

77 3119 149 3204 ipse
171 3119 399 3204 nobilitatem,
430 3139 525 3186 suum
556 3120 755 3204 sanguinem
782 3118 950 3206 perditum
973 3118 1056 3184 ibat·

9 3229 10 3232 ’
78 3223 204 3288 restitit
217 3232 331 3291 tamen
355 3233 493 3291 senatus
518 3233 551 3289 et
568 3222 806 3309 opperiendum
822 3224 1057 3309 imperatorem

78 3327 219 3411 censuit,
244 3328 331 3415 quod
354 3348 455 3395 unum
477 3329 668 3412 urgentium
691 3325 855 3392 malorum
878 3325 1056 3411 suffugium

9 3419 11 3510 l
80 3430 112 3494 in
133 3437 264 3517 tempus
287 3443 371 3499 erat.

180 3531 232 3596 67.
254 3533 301 3600 At
316 3533 446 3620 Caesar
469 3535 636 3602 dedicatis
657 3553 717 3623 per
733 3534 953 3622 Campaniam
976 3541 1057 3598 tem·

9 3617 11 3744 l
81 3635 153 3725 plis,
178 3653 379 3725 quamquam
402 3638 514 3705 edicto
530 3640 725 3723 monuisset,
748 3660 791 3703 ne
815 3639 888 3724 quis
912 3637 1057 3724 quietem
