2500 4084
159 330 207 382 AB
228 328 392 384 EXCESSU
410 327 569 380 AUGUSTI
587 327 619 382 V.
640 328 747 376 10-11.
767 325 811 376 VI.
832 325 906 377 1-2.
971 323 1033 388 217

51 521 207 609 Capreas
238 531 272 588 et
295 519 493 587 Surrentum
521 518 674 586 interluit
701 519 788 584 freto
812 516 1034 605 Campaniam

52 624 286 711 praelegebat,
309 623 486 709 ambiguus
504 647 547 689 an
566 623 683 690 urbem
698 625 852 707 intraret,
871 645 939 708 seu,
955 624 1034 709 quia

53 739 176 795 contra
201 729 448 811 destinaverat,
473 729 618 814 speciem
640 728 775 792 venturi
798 725 971 793 simulans.
1001 735 1034 791 et
1061 739 1074 779 ⁵

58 859 160 923 saepe
185 835 219 899 in
242 836 429 921 propinqua
459 832 654 917 degressus,
684 831 788 898 aditis
817 833 913 897 iuxta
936 829 1035 895 Tibe·

52 943 115 1005 rim
139 939 264 1021 bortis,
294 959 380 1003 saxa
403 959 535 1002 rursum
563 945 596 1001 et
620 935 836 1001 solitudinem
858 937 961 1000 maris
984 958 1035 999 re-

51 1045 162 1129 petiit,
186 1039 313 1128 pudore
337 1040 500 1106 scelerum
523 1050 557 1106 et
581 1039 775 1123 libidinum,
804 1038 925 1126 quibus
949 1038 1034 1103 adeo

52 1147 227 1212 indomitis
244 1155 430 1227 exarserat,
446 1154 483 1209 ut
498 1166 591 1210 more
606 1146 699 1228 regio
715 1143 839 1230 pubem
854 1145 1035 1228 ingenuam

55 1251 182 1336 stupris
206 1246 379 1334 pollueret.
424 1269 487 1313 nec
514 1248 656 1313 formam
685 1256 818 1312 tantum
847 1257 880 1312 et
911 1246 1035 1311 decora
1062 1257 1089 1296 ¹0

52 1374 212 1438 corpora,
244 1350 304 1416 sed
326 1353 361 1416 in
383 1351 435 1416 his
458 1349 647 1416 modestam
668 1352 862 1436 pueritiam,
892 1351 926 1413 in
956 1349 1033 1413 aliis

54 1457 222 1540 imagines
239 1456 401 1520 maiorum
419 1454 675 1520 incitamentum
691 1453 859 1538 cupidinis
874 1451 1034 1517 babebat.

55 1569 203 1646 tuncque
236 1560 378 1644 primum
411 1558 528 1640 ignota
563 1566 666 1622 antea
700 1555 867 1622 vocabula
901 1567 1034 1642 reperta

54 1672 134 1727 sunt
157 1661 368 1730 sellariorum
398 1669 431 1725 et
461 1662 680 1746 spintriarum
709 1683 752 1726 ex
774 1659 937 1725 foeditate
968 1660 1033 1725 loci

53 1788 93 1832 ac
128 1763 308 1852 multiplici
340 1764 523 1850 patientia3
556 1765 807 1850 praepositique
842 1766 942 1848 servi,
977 1766 1034 1851 qui
1061 1774 1086 1814 1⁵

53 1870 291 1954 conquirerent
303 1867 547 1954 pertraherent,
572 1867 661 1932 dona
676 1869 711 1932 in
726 1877 908 1954 promptos,
925 1869 1033 1934 minae

53 1971 234 2038 adversum
257 1970 461 2055 abnuentes,
491 1980 524 2036 et
555 1973 584 2036 si
614 1972 798 2037 retinerent
827 1973 1033 2058 propinquus

54 2086 113 2141 aut
135 2097 268 2162 parens,
292 2075 361 2140 vim
382 2084 500 2160 raptus
524 2096 650 2161 suaque
673 2076 738 2160 ipsi
761 2074 860 2140 libita
883 2076 975 2140 velut
999 2077 1033 2140 in

53 2188 172 2265 captos
196 2177 413 2245 exercebant.

158 2281 188 2346 2.
211 2281 257 2348 At
291 2282 417 2348 Romae
450 2283 616 2368 principio
651 2283 748 2365 anni,
784 2284 881 2369 quasi
914 2303 1033 2347 recens

57 2386 204 2470 cognitis
228 2384 349 2450 Liviae
371 2385 511 2469 flagitiis
535 2406 575 2451 ac
603 2407 670 2451 non
698 2385 828 2472 pridem
851 2388 952 2451 etiam
976 2408 1033 2471 pu-

54 2489 151 2571 nitis,
186 2495 320 2554 atroces
356 2489 546 2553 sentcntiae
581 2487 799 2569 dicebantur,
835 2489 870 2552 in
904 2489 1034 2572 effigies

55 2613 185 2676 quoque
209 2612 250 2656 ac
272 2591 466 2656 memoriam
490 2592 578 2674 eius,
609 2601 643 2656 et
664 2590 753 2656 bona
778 2590 893 2656 Seiani
917 2591 1034 2657 ablata

55 2695 188 2758 aerario
211 2701 249 2758 ut
271 2694 306 2758 in
322 2693 440 2758 fiscum
455 2703 667 2777 cogerentur,
691 2703 864 2779 tamquam
880 2695 1031 2760 referret.
1059 2725 1071 2764 ⁵

59 2795 232 2882 Scipiones
249 2794 333 2860 haec
358 2806 392 2861 et
408 2795 516 2862 Silani
540 2806 573 2862 et
589 2795 701 2862 Cassii
725 2796 831 2863 isdem
853 2798 958 2862 ferme
974 2809 1034 2863 aut

53 2897 188 2985 paulum
211 2900 385 2965 inmutatis
408 2898 522 2965 verbis
547 2899 804 2966 adseveratione
827 2899 933 2966 multa
956 2923 1033 2967 cen-

55 3003 191 3086 sebant,
214 3025 291 3068 cum
314 3012 452 3088 repente
474 3003 646 3088 Togonius
671 3001 807 3087 Gallus,
838 3003 916 3069 dum
938 3005 1033 3088 igno-

56 3105 223 3172 bilitatem
240 3128 334 3172 suam
356 3107 489 3189 magnis
504 3105 695 3172 nominibus
713 3107 841 3190 inserit,
864 3130 924 3193 per
946 3106 1033 3173 deri-

57 3207 205 3274 diculum
228 3208 373 3274 auditur.
418 3231 496 3275 nam
524 3209 709 3296 principem
734 3210 855 3275 orabat
884 3209 1033 3295 deligere
1062 3265 1089 3303 ,⁰

60 3321 243 3395 senatores,
268 3335 311 3380 ex
334 3315 409 3400 quis
431 3314 555 3397 viginti
579 3323 669 3378 sorte
693 3313 787 3379 ducti
811 3323 844 3378 et
868 3315 956 3380 ferro
979 3338 1035 3381 ac-

62 3418 175 3500 cincti,
199 3419 353 3504 quotiens
370 3419 497 3484 curiam
513 3418 643 3500 inisset,
666 3417 811 3484 salutem
828 3419 898 3482 eius
922 3417 1035 3483 defen·

59 3521 186 3587 derent.
211 3521 403 3588 crediderat
426 3523 582 3588 nimirum
606 3521 770 3609 epistulae
794 3520 944 3588 subsidio
969 3521 1044 3587 sibi-

58 3625 199 3693 alterum
215 3648 257 3691 ex
273 3626 467 3693 consulibus
484 3628 664 3713 poscentis,
688 3636 726 3692 ut
748 3636 840 3691 tutus
857 3649 878 3692 a
894 3624 1033 3714 Capreis
