2552 4084
263 303 492 375 sa1nxonssu
510 301 669 356 suousm
685 303 722 353 11.
741 305 833 354 s-re.
932 343 935 350 .
995 300 1036 365 53

56 517 122 580 quc
158 493 255 561 effusi
288 494 429 560 trudunt
457 494 638 580 adversos,
671 495 802 559 instant
837 491 1036 558 cedentibus
1064 505 1089 546 1⁰

56 597 289 684 collectosque
330 600 364 664 in
407 597 521 664 orbem
556 620 635 684 pars
674 598 864 683 congressi,
902 594 1040 682 quidam

60 704 193 768 eminus
216 702 430 788 proturbant.
454 700 683 768 Chariovalda
700 701 758 767 diu
775 709 966 766 sustentata
980 697 1038 762 ho-

64 807 169 870 stium
182 807 338 889 saevitia,
354 805 509 872 hortatus
523 826 600 871 suos
617 815 654 871 ut
670 806 867 890 ingruentes
883 812 1040 867 catervas

59 906 163 992 globo
184 908 442 994 perfringerent,
467 917 569 995 atque
591 910 664 994 ipse
681 908 900 974 densissimos
916 907 1041 971 inrum-

58 1032 157 1096 pens,
181 1013 352 1096 congestis
375 1010 453 1077 telis
478 1020 511 1078 ct
535 1011 676 1078 suffosso
715 1033 798 1098 equo
832 1010 976 1093 labitur,
1000 1030 1040 1073 ac
1069 1020 1094 1062 1⁵

61 1114 164 1179 multi
187 1111 351 1180 nobilium
374 1115 483 1182 circa:
507 1125 638 1181 ceteros
662 1117 714 1181 vis
745 1135 806 1180 sua
830 1124 889 1180 aut
912 1115 1042 1199 equites

61 1240 141 1283 cum
175 1215 338 1283 Stertinio
372 1218 585 1306 Aemilioque
620 1219 859 1285 subvenientes
893 1216 1042 1304 periculo

62 1344 230 1389 exemere.

172 1423 223 1491 12.
246 1423 375 1492 Caesar
389 1436 624 1512 transgressus
640 1428 815 1511 Visurgim
829 1426 956 1492 indicio
971 1447 1045 1510 per-

64 1529 168 1614 fugae
181 1531 356 1614 cognoscit
373 1528 540 1595 delectum
552 1530 596 1596 ab
607 1529 761 1595 Arminio
774 1530 883 1595 locum
895 1549 1046 1614 pugnae,

64 1633 268 1698 convenisse
290 1643 323 1700 et
346 1631 433 1698 alias
449 1637 605 1699 nationes
628 1634 663 1698 in
688 1631 810 1698 silvam
830 1630 971 1698 Herculi
994 1654 1046 1696 sa-

66 1757 162 1802 cram
185 1758 393 1823 ausurosque
427 1745 629 1804 nocturnam
663 1746 853 1802 castrorum
876 1755 1047 1822 oppugna-

66 1840 208 1905 tionem.
250 1839 368 1907 habita
392 1840 498 1906 indici
519 1840 605 1906 fides
629 1852 662 1906 et
685 1838 912 1905 cernebantur
940 1840 1048 1922 ignes,
1075 1851 1088 1892 ⁶

69 1943 311 2030 suggressique
333 1945 470 2031 propius
495 1943 723 2030 speculatores
747 1942 858 2008 audiri
881 1942 1050 2006 fremitum

69 2067 233 2131 equorum
255 2048 463 2133 inmensique
487 2056 521 2112 et
543 2047 711 2112 inconditi
733 2047 879 2130 agminis
902 2067 1051 2110 murmur

70 2148 232 2215 attulere.
255 2150 360 2234 igitur
380 2151 567 2237 propinquo
598 2172 747 2216 summae
776 2151 826 2215 rei
856 2149 1051 2214 discrimine

71 2251 301 2338 explorandos
315 2253 459 2319 militum
474 2256 604 2320 animos
620 2263 887 2340 ratus,'quonam
902 2252 938 2317 id
952 2251 1051 2317 modo

73 2358 307 2442 incorruptum
340 2357 437 2440 foret,
484 2380 598 2422 secum
631 2356 798 2442 agitabat.
836 2357 990 2422 tribunos
1020 2365 1053 2420 et
1079 2368 1106 2408 1⁰

73 2461 290 2525 centuriones
313 2459 405 2526 laeta
423 2463 556 2546 saepius
573 2483 674 2548 quam
689 2471 861 2546 comperta
884 2461 1053 2542 nuntiare,

73 2561 274 2628 libertorum
298 2563 434 2628 servilia
462 2565 616 2648 ingenia,
651 2565 768 2628 amicis
803 2566 914 2630 inesse
936 2561 1054 2628 adula-

75 2667 220 2750 tionem;
244 2667 273 2730 si
295 2667 408 2731 contio
431 2674 581 2751 vocetur,
604 2665 674 2731 illic
699 2688 830 2754 quoque
845 2689 933 2754 quae
953 2669 1056 2753 pauci

77 2769 247 2854 incipiant
275 2769 422 2855 reliquos
453 2768 660 2856 adstrepere.
703 2773 837 2856 penitus
865 2770 1056 2836 noscendas

78 2880 225 2955 mentes,
255 2893 330 2938 cum
353 2875 476 2938 secreti
505 2884 538 2939 et
560 2873 759 2939 incustoditi
786 2876 877 2940 inter
898 2873 1056 2939 militaris
1084 2888 1109 2928 ¹⁵

79 2975 175 3041 cibos
200 2996 293 3061 spem
315 2987 374 3042 aut
396 2987 521 3043 metum
543 2977 742 3063 proferrent.

189 3077 236 3143 13.
259 3080 367 3145 Nocte
396 3091 516 3168 coepta
547 3103 702 3166 egressus
732 3081 888 3167 augurali
915 3103 975 3168 per
1005 3100 1058 3145 oc-

82 3183 175 3249 culta
199 3193 233 3249 et
255 3183 418 3268 vigilibus
440 3187 577 3270 ignara,
612 3186 735 3252 comite
766 3207 850 3270 uno,
884 3193 1058 3250 contectus

82 3308 215 3352 umeros
238 3286 348 3352 ferina
369 3285 467 3372 pelle,
491 3288 564 3353 adit
586 3298 778 3355 castrorum
799 3291 892 3372 vias,
921 3286 1061 3352 adsistit
1148 3349 1153 3354 ,

84 3389 315 3457 tabernaculis
339 3390 525 3477 fruiturque
548 3391 639 3456 fama
659 3394 726 3475 sui,
757 3414 834 3458 cum
855 3391 911 3456 hic
940 3388 1060 3455 nobili-

84 3503 189 3560 tatem
206 3492 313 3577 ducis,
330 3492 485 3560 decorem
501 3493 599 3579 alius,
621 3494 758 3581 plurimi
772 3496 983 3582 patientiam,
1006 3513 1060 3558 co·
1087 3525 1100 3567 5

85 3599 250 3683 mitatem,
273 3619 333 3684 per
356 3599 445 3663 seria
467 3618 528 3683 per
549 3599 642 3664 iocos
660 3598 801 3664 eundem
818 3599 967 3664 animum
989 3595 1061 3662 lau·
