2500 4084
183 309 246 374 252
271 308 443 359 oosnnnn
457 305 632 358 mornas
646 281 1037 358 excussurususr‘rvr.
1051 305 1167 358 so-sr.

130 515 155 556 2⁵
183 501 239 585 qui
273 497 479 563 recreandae
516 497 696 563 defectioni
736 493 850 562 cibum
882 495 1066 560 adferrent.
1105 517 1167 582 pa-

182 615 243 666 v'or
271 601 349 666 binc
377 601 413 665 in
437 623 567 684 omnes,
591 608 624 664 et
647 601 750 665 ceteri
773 600 901 685 passim
925 598 1089 685 dispergi,
1131 623 1167 664 se

183 707 324 790 quisquc
361 713 527 769 maestum
570 712 628 768 aut
666 704 817 768 nescium
853 703 996 786 fingere3
1033 701 1168 770 Caesar

185 811 220 873 in
252 809 421 873 silentium
454 809 541 873 fixus
577 831 596 872 a
628 829 756 872 summa
796 828 854 892 spe
887 808 1070 871 novissima
1105 830 1167 872 cx-

185 911 372 998 spectabat.
396 911 511 976 Macro
535 910 722 997 intrepidus
741 911 880 995 opprimi
905 932 1017 974 senem
1033 911 1165 974 iniectu

133 1033 158 1070 ³0
185 1016 311 1081 multae
333 1016 439 1080 vestis
475 1013 567 1080 iubet
592 1014 787 1099 discedique
811 1012 854 1078 ab
877 1013 1002 1078 limine.
1032 1015 1081 1078 sio
1105 1011 1165 1077 Ti-

183 1119 297 1184 berius
319 1119 429 1183 finivit
453 1126 573 1182 octavo
598 1125 631 1181 et
649 1118 896 1202 septuagesimo
921 1118 1043 1181 aetatis
1061 1137 1165 1181 anno.

285 1219 336 1285 51.
359 1222 461 1289 Pater
491 1223 522 1285 ei
544 1221 631 1285 Nero
656 1229 690 1285 et
719 1222 886 1307 utrimque
916 1221 1010 1304 origo
1044 1221 1161 1304 gentis

181 1325 362 1408 Claudiae,
398 1346 600 1411 quamquam
633 1332 743 1390 mater
777 1326 812 1389 in
840 1323 977 1388 Liviam
1012 1331 1045 1388 et
1079 1345 1165 1388 mox

182 1428 304 1493 Iuliam
341 1426 506 1492 familiam
543 1427 783 1513 adoptionibus
825 1428 1011 1492 transierit.
1058 1448 1163 1493 casus

181 1534 290 1619 prima
313 1529 356 1595 ab
380 1531 526 1595 infantia
551 1532 733 1616 ancipites3
755 1553 835 1595 nam
851 1533 1077 1616 proscriptum
1100 1553 1162 1616 pa·

141 1651 154 1691 ⁵
181 1645 266 1700 trem
290 1633 385 1700 exsul
410 1641 555 1716 secutus,
579 1632 637 1699 ubi
662 1633 796 1699 domum
811 1633 958 1718 Augusti
981 1633 1162 1720 privignus

181 1738 320 1820 introiit,
343 1736 457 1802 multis
480 1735 621 1802 aemulis
645 1738 858 1803 conflictatus
883 1746 942 1820 est,
969 1737 1046 1802 dum
1068 1737 1162 1802 Mar·

180 1838 285 1905 cellus
310 1849 343 1904 et
365 1839 529 1925 Agrippa,
552 1862 632 1904 mox
655 1837 761 1906 Gaius
783 1840 978 1926 Luciusque
994 1839 1162 1908 Caesares
1239 1855 1240 1922 t

181 1944 337 2027 viguere,
367 1943 470 2007 etiam
493 1943 599 2007 frater
623 1944 692 2008 eius
716 1942 848 2008 Drusus
872 1942 1084 2030 prosperiore
1114 1947 1161 2009 ci·
1239 1925 1240 2020 i

180 2047 273 2112 vium
297 2067 410 2111 amore
434 2054 517 2110 erat.
542 2046 601 2110 sed
625 2048 772 2111 maxime
795 2045 983 2111 inlubrico
1008 2047 1079 2131 egit
1104 2071 1159 2113 ac·

128 2170 154 2209 m
181 2158 279 2236 cepta
309 2151 343 2214 in
372 2150 621 2214 matrimonium
650 2150 753 2234 Iulia,
783 2149 1017 2236 inpudicitiam
1043 2152 1161 2216 uxoris

180 2254 331 2318 tolerans
355 2261 414 2318 aut
438 2251 623 2317 declinans.
660 2251 739 2318 dein
761 2253 879 2318 Rhodo
903 2273 1077 2338 regressus
1101 2275 1161 2318 va·

182 2379 262 2422 cuos
285 2350 449 2443 principis
472 2365 613 2442 penates
644 2355 824 2422 duodecim
853 2358 967 2440 annis,
997 2378 1077 2422 mox
1111 2360 1160 2422 rei
1239 2399 1240 2462 ,

180 2462 352 2526 Romanae
369 2458 547 2525 arbitrium
563 2460 670 2525 tribus
687 2460 790 2525 ferme
814 2469 847 2525 et
862 2461 985 2544 viginti
1002 2459 1158 2525 obtinuit.
1239 2477 1240 2516 t

181 2587 309 2629 morum
343 2585 474 2649 quoque
513 2573 663 2650 tempora
706 2562 756 2629 illi
795 2563 947 2628 diversa:
985 2565 1159 2646 egregium

129 2685 155 2725 15
181 2667 254 2731 vita
276 2666 441 2751 famaque,
466 2667 577 2752 quoad
599 2668 751 2753 privatus
774 2666 828 2731 vel
862 2668 897 2731 in
920 2667 1068 2752 imperiis
1093 2667 1154 2730 sub
1239 2691 1240 2758 Τ

180 2768 334 2854 Augusto
374 2769 454 2853 fuit3
490 2770 659 2835 oecultum
696 2792 736 2834 ac
776 2768 952 2835 subdolum
988 2769 1156 2852 fingendis

181 2871 377 2955 virtutibus,
414 2871 520 2938 donec
550 2871 772 2937 Germanicus
806 2895 847 2937 ac
875 2872 1008 2937 Drusus
1042 2895 1156 2959 super·

184 2975 293 3058 fuere3
328 2975 416 3040 idem
446 2978 534 3040 inter
555 2974 645 3040 bona
667 2975 823 3062 malaque
846 2978 972 3041 mixtus
996 2975 1153 3041 incolumi
1239 3035 1240 3052 ,

129 3205 155 3243 ro
182 3180 261 3264 bus,
293 3181 378 3248 dum.
394 3180 552 3247 Seianum
577 3181 697 3249 dilexit
720 3184 890 3248 timuitve:
923 3192 1093 3270 postremo
1122 3183 1153 3246 in
1239 3265 1240 3268 Ἴ

183 3283 311 3348 scelera
336 3285 434 3349 simul
464 3307 504 3350 ac
529 3284 694 3350 dedecora
717 3287 884 3372 prorupit,
907 3295 1086 3372 postquam
1107 3308 1153 3350 re·
1239 3347 1240 3368 2

183 3393 274 3451 moto
290 3386 418 3471 pudore
442 3398 475 3452 et
490 3398 581 3452 metu
605 3410 663 3453 suo
686 3398 817 3454 tantum
833 3391 968 3473 ingenio
988 3388 1151 3455 utebatur.
1239 3429 1240 3434 κ

567 3557 768 3570 *ml-0·-
