2530 4084
213 325 276 392 114
538 325 711 379 coarnnu
730 326 853 379 mmm

210 526 284 583 tata
307 517 561 584 admemoriam
576 519 711 584 virtutis
735 519 886 584 carmina
911 527 944 584 et
959 517 1189 599 laudationes,

212 631 245 687 et
268 621 426 687 lacrimas
450 620 505 685 vel
530 620 655 686 doloris
678 621 917 687 imitamenta?

315 723 344 788 6.
369 722 520 790 (inarum
555 724 590 789 id
612 724 748 789 Tiberio
778 724 858 809 fuit,
891 735 995 811 utque
1022 731 1191 811 premeret

210 827 304 913 vulgi
329 850 514 912 sermones,
547 829 677 894 monuit
707 827 818 892 edicto
848 827 971 894 multos
995 828 1190 894 inlustrium

208 931 433 997 Romanorum
456 930 497 996 ob
520 953 589 996 rem
605 929 774 1017 publicam
790 930 911 1013 obisse,
933 933 1100 997 neminem
1117 941 1190 995 tam

208 1035 369 1118 flagranti
400 1033 566 1098 desiderio
604 1032 823 1099 celebratum.
867 1034 969 1120 idque
997 1044 1029 1100 et
1059 1035 1125 1102 sibi
1156 1045 1189 1100 et

170 1159 183 1200 a
210 1139 341 1203 cunctis
365 1137 548 1221 egregium,
573 1139 601 1201 si
623 1137 742 1201 modus
767 1137 969 1202 adiceretur.
1007 1141 1190 1204 nonenim
1253 1210 1254 1216 .

211 1240 328 1305 eadem
352 1239 475 1304 decora
497 1239 706 1325 principibus
729 1241 812 1305 viris
843 1249 875 1305 et
905 1241 1103 1326 imperatori
1129 1263 1187 1328 po·

209 1344 297 1430 pulo,
321 1364 408 1428 quae
429 1343 573 1408 modicis
598 1342 750 1408 domibus
774 1354 833 1409 aut
861 1344 1071 1411 civitatibus.
1109 1368 1188 1413 con·
1253 1417 1254 1434 ,

208 1450 342 1514 venisse
370 1449 498 1513 recenti
528 1447 636 1513 dolori
663 1445 790 1512 luctum
820 1457 853 1512 et
883 1469 927 1512 ex
956 1471 1110 1515 maerore
1135 1472 1188 1514 so·

209 1553 314 1636 lacia3
331 1551 391 1618 sed
406 1552 618 1618 referendum
634 1555 699 1617 iam
716 1553 862 1616 animum
879 1552 923 1617 ad
938 1552 1189 1637 firmitudinem,

157 1678 183 1716 10
208 1668 246 1723 ut
279 1657 450 1742 quondam
479 1657 576 1722 divus
606 1657 712 1722 Iulius
744 1657 869 1722 amissa
899 1659 1000 1722 unica
1027 1656 1117 1741 filia,
1150 1667 1189 1723 ut

210 1761 307 1828 divus
331 1761 505 1845 Augustus
530 1763 652 1846 ereptis
675 1759 854 1846 nepotibus
878 1760 1108 1826 abstruserint
1129 1762 1189 1826 tri·

209 1867 347 1931 stitiam.
380 1863 430 1929 nil
453 1885 535 1950 opus
558 1862 799 1929 vetustioribus
823 1864 1001 1950 exemplis,
1032 1867 1187 1950 quotiens

207 1968 348 2055 populus
364 1968 533 2034 Romanus
557 1967 673 2032 clades
698 1969 914 2050 exercituum,
938 1969 1115 2033 interitum
1132 1967 1188 2034 du·

208 2095 294 2156 cum,
317 2071 468 2137 funditus
492 2072 635 2136 amissas
658 2069 789 2136 nobiles
812 2070 959 2136 familias
990 2081 1188 2136 constanter

156 2193 182 2236 rr
207 2175 334 2241 tulerit.
357 2176 525 2260 principes
541 2173 711 2258 mortales,
735 2172 991 2260 rempublicam
1014 2185 1189 2240 aeternam

209 2302 291 2344 ease.
320 2281 416 2365 proin
444 2287 634 2364 repeterent
658 2277 849 2362 sollemnia,
874 2286 908 2343 et
930 2279 1008 2364 quia
1032 2278 1189 2344 ludorum

207 2382 431 2467 Megalesium
451 2381 681 2469 spectaculum
698 2381 845 2466 suberat,
868 2383 971 2448 etiam
992 2381 1187 2470 voluptates

207 2494 426 2553 resumerent.

311 2589 340 2654 7.
363 2590 448 2655 Tum
472 2599 572 2655 exuto
596 2590 725 2654 iustitio
749 2588 893 2655 reditum
922 2588 968 2655 ad
988 2591 1124 2674 munia,
1154 2601 1189 2654 et

206 2695 337 2760 Drusus
352 2692 509 2778 Illyricos
533 2692 578 2759 ad
601 2696 770 2759 exercitus
785 2694 954 2780 profectus
979 2701 1040 2776 est,
1064 2694 1187 2758 erectis

208 2798 353 2863 omnium
377 2797 497 2862 animia
522 2818 580 2882 spe
602 2795 770 2883 petendae
800 2818 819 2860 e
841 2796 964 2861 Pisone
986 2795 1127 2861 ultionis
1152 2806 1185 2860 et

208 2899 325 2965 crebro
361 2909 496 2985 questu,
533 2899 622 2985 quod
651 2921 759 2984 vagus
788 2901 923 2966 interim
952 2923 1012 2986 per
1042 2921 1187 2965 amoena

206 3000 311 3068 Asiae
334 3012 436 3088 atque
458 3001 610 3068 Achaiae
641 3003 823 3087 adroganti
852 3013 885 3068 et
916 3001 1059 3068 subdola
1090 3026 1185 3070 mora

208 3104 372 3172 scelerum
400 3104 615 3192 probationes
646 3105 866 3172 subverteret.
906 3128 986 3171 nam
1007 3104 1185 3190 vulgatum

208 3216 280 3274 erat
302 3208 451 3292 missam,
473 3217 510 3272 ut
534 3208 616 3292 dixi,
640 3205 737 3274 aOn.
762 3208 877 3275 Sentio
899 3210 1064 3274 famosam
1086 3231 1185 3276 vene-

205 3312 292 3378 ficiis
308 3310 493 3377 Martinam
515 3312 626 3379 subita
649 3321 756 3378 morte
771 3312 945 3379 Brundisii
968 3313 1182 3397 exstinctam,

208 3436 440 3501 venenumque
473 3415 563 3481 nodo
597 3416 739 3482 crinium
772 3417 843 3482 eius
873 3416 1094 3502 occultatum,
1121 3439 1182 3484 nec

157 3537 182 3578 ιο
211 3517 282 3582 ulla
305 3519 340 3582 in
363 3538 501 3603 corpore
524 3519 622 3602 signa
647 3521 770 3606 sumpti
794 3521 890 3586 exitii
911 3530 1057 3608 reperta.
