2500 4084
234 380 299 444 244
563 377 737 430 1111111111
755 375 879 428 mmm

232 572 330 659 quasi
359 571 525 655 aspiciens
559 568 745 636 undantem
773 587 834 652 per
863 563 978 630 domos
1008 564 1211 647 sanguinem

232 685 290 741 aut
313 699 432 742 manua
456 675 662 743 carnificum.
684 673 750 740 fine
773 671 854 737 anni
868 669 1043 756 Poppaeus
1062 666 1210 734 Sabinus

180 791 206 832 1⁰
233 782 402 846 concessit
416 779 499 864 vita,
515 778 667 845 modicus
684 779 835 862 originis,
851 775 1043 861 principum
1058 773 1211 837 amicitia

231 882 443 949 consulatum
465 906 506 950 ac
529 881 732 969 triumphale
757 880 859 947 decus
876 877 1020 964 adeptus
1036 876 1210 942 maximis·

232 1008 296 1072 que
324 988 507 1073 provinciis
536 1009 596 1074 per
618 996 778 1072 quattuor
807 994 840 1052 et
867 983 991 1068 viginti
1022 1002 1135 1046 anuos
1164 982 1210 1044 in·

229 1092 375 1175 positus,
405 1089 533 1156 nullam
557 1089 598 1156 ob
623 1091 782 1156 eximiam
804 1097 922 1172 artem,
946 1083 1009 1152 sed
1032 1083 1127 1172 quod
1149 1106 1210 1171 par

229 1195 376 1278 negotiis
399 1216 507 1281 neque
532 1215 631 1280 supra
656 1201 739 1259 erat.

329 1294 382 1363 40.
406 1297 446 1380 Q.
479 1298 634 1364 Plautius
665 1295 744 1364 Sex.
766 1296 926 1383 Papinius
961 1291 1124 1359 consules
1162 1316 1207 1358 sc·

228 1409 383 1486 quuntur.
429 1424 467 1466 eo
490 1423 579 1468 anno
607 1423 716 1488 neque
745 1399 835 1487 quod
856 1399 897 1464 L.
919 1397 1087 1464 Aruseius
1113 1396 1207 1464 exsul

225 1503 351 1570 rediret
373 1526 482 1592 neque
505 1503 595 1591 quod
617 1527 656 1570 eo
680 1513 864 1571 accusante
894 1502 992 1568 multi
1014 1511 1128 1568 morte
1152 1501 1206 1567 ad-

225 1607 307 1672 fecti
329 1608 449 1693 forent,
473 1608 698 1675 adsuetudine
719 1607 884 1674 malorum
905 1617 943 1674 ut
959 1615 1061 1673 atrox
1085 1605 1205 1672 adver·

185 1736 198 1776 1
224 1710 377 1796 11111111,
412 1711 473 1778 sed
507 1714 671 1778 exterruit
705 1709 795 1798 quod
827 1710 1015 1777 Vibulenus
1050 1709 1204 1796 Agrippa

224 1837 323 1901 eques
345 1817 535 1902 Romanus,
559 1839 634 1884 cum
655 1823 872 1902 perorassent
896 1825 1138 1900 accusatores,
1172 1819 1202 1880 in

222 1921 296 2006 ipsa
319 1921 414 1985 curia
438 1919 670 2007 depromptum
694 1921 769 1986 sinu
791 1941 957 1985 venenum
978 1918 1108 2003 hausit,
1131 1941 1202 2006 pro·

221 2021 400 2109 lapsusque
424 2046 464 2090 10
486 2008 703 2091 moribundus
727 2024 898 2090 festinatis
922 2022 1080 2089 lictorum
1097 2026 1201 2090 mani·

224 2125 288 2192 bus
312 2130 346 2192 in
370 2149 540 2194 1110111111
563 2138 680 2215 raptus
703 2137 765 2212 est,
788 2128 969 2214 faucesque
992 2129 1063 2193 iam
1086 2133 1201 2198 exani·

171 2253 196 2293 ro
221 2233 284 2298 mis
308 2231 428 2319 laqueo
443 2243 599 2299 vexatae.
622 2255 665 2298 ne
680 2231 846 2317 Tigranes
870 2230 1015 2318 quidem,
1039 2231 1200 2300 Armenia

219 2335 389 2421 quondam
410 2337 537 2421 potitus
561 2359 602 2402 ac
624 2344 705 2401 tuno
728 2357 822 2420 reus,
845 2337 979 2402 nomine
1001 2338 1100 2420 regio
1126 2361 1196 2426 sup·

217 2438 321 2524 plicia
344 2440 468 2506 civium
483 2439 609 2524 effugit.
633 2448 668 2505 at
692 2437 729 2504 O.
747 2437 859 2506 Galba
875 2439 1066 2506 consularis
1084 2451 1121 2507 et
1139 2441 1197 2508 duo

217 2541 334 2609 Blaesi
361 2543 553 2611 voluntario
583 2546 678 2609 exitu
699 2543 869 2628 cecidere,
899 2541 1012 2610 Galba
1040 2545 1196 2612 tristibus

218 2644 376 2713 (11111111
392 2648 514 2714 11111111
527 2649 737 2735 provinciam
753 2649 866 2714 sortiri
877 2647 1084 2734 prohibitus:
1101 2649 1195 2716 Blae-

167 2774 190 2812 11
220 2752 265 2816 111
289 2751 494 2834 sacerdotia,
514 2753 648 2836 integra
665 2775 779 2818 111111
796 2751 892 2818 domo
911 2751 1096 2837 destinata,
1121 2776 1193 2822 con·

217 2853 316 2921 vulsa
340 2854 538 2938 distulerat,
569 2866 649 2921 tunc
677 2867 716 2922 ut
737 2878 848 2922 vacua
871 2855 1015 2922 contulit
1039 2858 1075 2922 in
1100 2859 1191 2940 alios,

216 2957 306 3044 quod
331 2959 464 3042 signum
491 2961 609 3025 mortis
638 2958 838 3026 intellexere
867 2969 900 3025 11
929 2965 1084 3030 exsecuti
1108 2977 1191 3032 suut.

217 3071 250 3126 et
272 3060 417 3129 Aemilia
449 3061 597 3149 Lepida,
632 3085 732 3149 quam
761 3066 874 3130 iuveni
905 3063 1019 3130 Druso
1054 3079 1189 3155 nuptam

215 3164 341 3249 rettuli,
358 3166 485 3232 crebris
502 3166 698 3233 criminibus
713 3169 870 3234 maritum
882 3169 1063 3254 insectata,
1079 3193 1188 3258 quam·

163 3291 189 3332 11
216 3290 315 3354 quam
338 3269 559 3353 intestabilis,
595 3281 707 3336 tamen
741 3273 907 3358 impunita
936 3271 1080 3359 agebat,
1117 3276 1186 3343 dum
1229 3293 1230 3297 ’

215 3371 379 3456 superfuit
411 3382 510 3457 pater
531 3373 698 3459 Lepidus:
731 3384 807 3460 post
835 3398 857 3440 a
881 3373 1092 3444 delatoribus
1121 3401 1185 3444 cor·
1228 3425 1229 3455 ,

214 3473 335 3556 ripitur
358 3471 400 3536 ob
423 3494 557 3539 servum
585 3474 789 3561 adulterum,
818 3499 882 3543 uec
906 3476 1128 3548 dubitabatur
1149 3483 1185 3548 de

214 3572 364 3655 flagitio:
403 3594 482 3658 ergo
506 3578 631 3642 omissa
663 3577 857 3645 defensione
885 3581 985 3648 finem
1008 3584 1102 3651 vitae
1125 3585 1184 3652 sibi
1227 3561 1228 3615 l

214 3676 336 3756 posuit.
