2552 4084
274 307 321 357 AB
339 306 501 360 Excusso
520 307 678 360 AUGUSTI
696 309 717 358 Ι.
737 311 847 361 62-66.
1008 309 1051 373 45

63 499 265 583 dubitanti,
296 521 440 587 quonam
462 498 561 564 modo
589 507 706 584 ruptos
734 508 906 565 vetustate
928 509 1048 585 pontes

65 611 247 688 reponeret
287 602 450 690 simulque
495 601 708 688 propulsaret
745 602 894 686 hostem,
934 613 1048 669 castra
1076 621 1101 661 25

67 707 192 771 metari
216 709 251 771 in
275 705 349 772 loco
383 706 528 792 placuit,
564 715 601 770 ut
625 728 707 792 opus
737 706 854 772 etalii
882 707 1048 794 proelium

65 811 268 895 inciperent.

174 911 227 977 64.
257 912 401 978 Barbari
429 914 640 1001 perfringere
670 915 836 980 stationes
868 937 969 1004 seque
999 917 1047 979 in·

69 1019 161 1082 ferre
184 1015 408 1082 munitoribus
441 1019 509 1082 nisi
543 1017 733 1100 lacessunt,
761 1019 1047 1102 circumgrediun-

65 1132 133 1205 tur,
170 1131 365 1187 occursant:
398 1122 561 1187 miscetur
595 1123 805 1205 operantium
834 1121 1047 1187 bellantium-

67 1248 132 1312 que
155 1225 292 1289 clamor.
328 1235 360 1288 et
393 1233 516 1289 cuncta
546 1225 675 1310 pariter
702 1225 862 1290 Romanis
892 1225 1046 1308 adversa,

66 1327 161 1392 locus
185 1327 314 1412 uligine
336 1327 514 1414 profunda,
545 1328 634 1393 idem
664 1329 708 1394 ad
732 1329 876 1413 gradum
904 1329 1045 1396 instabi-
1073 1347 1086 1387 5

66 1432 119 1514 lis,
142 1430 404 1518 procedentibus
428 1431 588 1514 lubricus,
612 1453 753 1518 corpora
770 1435 891 1517 gravia
913 1432 1045 1518 loricis3

66 1558 174 1622 neque
204 1535 330 1600 librare
360 1535 430 1621 pila
459 1537 548 1601 inter
570 1535 679 1601 undas
714 1546 880 1621 poterant.
926 1547 1045 1602 contra

66 1638 248 1704 Cheruscis
283 1648 380 1703 sueta
422 1639 512 1724 apud
549 1639 690 1725 paludes
725 1641 870 1725 proelia,
903 1661 1044 1727 procera

65 1743 235 1827 membra,
267 1742 388 1808 hastae
425 1745 580 1827 ingentes
627 1744 672 1808 ad
705 1743 847 1809 vulnera
886 1743 1044 1811 iacienda

66 1847 221 1933 quamvis
243 1845 371 1933 procul.
416 1868 485 1912 nox
515 1847 646 1911 demum
675 1846 871 1912 inclinantis
900 1851 968 1914 iam
996 1849 1042 1914 le·
1070 1865 1095 1905 1⁰

65 1952 184 2033 giones
208 1949 376 2016 adversae
397 1970 531 2036 pugnae
555 1954 689 2017 exemit.
720 1950 881 2017 Germani
905 1952 947 2017 oh
968 1975 1043 2038 pro·

65 2076 162 2139 spera
177 2053 348 2138 indefessi,
361 2064 486 2119 netum
501 2056 636 2142 quidem
653 2066 784 2142 sumpta
801 2058 921 2142 quiete,
938 2079 1043 2143 quan·

64 2168 134 2222 tum
147 2179 312 2243 aquarum
323 2160 449 2223 circum
461 2158 677 2242 surgentibus
690 2160 778 2243 iugis
792 2161 899 2224 oritur
909 2169 1043 2225 vertere

65 2263 99 2326 in
123 2260 289 2346 subiecta,
312 2283 488 2348 mersaque
509 2261 609 2327 humo
634 2273 666 2326 et
690 2261 809 2327 obruto
833 2264 923 2350 quod
946 2265 1042 2329 effec-

65 2377 135 2430 tum
159 2367 269 2451 operis
294 2364 485 2451 duplicatus
513 2364 615 2429 militi
644 2363 750 2430 labor.
796 2362 1040 2452 quadragensi-
1069 2383 1093 2423 1⁵

65 2492 154 2535 mum
178 2468 214 2533 id
245 2467 449 2556 stipendium
473 2467 620 2533 Caecina
649 2469 791 2555 parendi
822 2481 880 2535 aut
909 2473 1042 2559 imperi·
1115 2539 1118 2546 ,

65 2571 160 2636 tandi
185 2570 344 2654 habebat,
369 2571 592 2637 secundarum
608 2571 908 2660 ambiguarumque
930 2597 1042 2640 rerum

67 2678 176 2740 sciens
215 2697 319 2760 eoque
365 2676 552 2740 interritus.
597 2678 703 2760 igitur
746 2677 860 2742 futura
901 2678 1041 2744 volvens

66 2801 129 2844 non
159 2778 253 2843 aliud
283 2781 431 2865 repperit
454 2802 555 2867 quam
585 2789 623 2844 ut
652 2778 783 2844 hostem
818 2780 914 2846 silvis
948 2794 1039 2848 coe‘r·

67 2891 164 2964 ceret,
191 2882 296 2947 donec
321 2885 428 2947 saucii
452 2892 679 2970 quantumque
703 2885 870 2968 gravioris
894 2888 1039 2970 agminis
1067 2901 1092 2939 20

67 2988 247 3069 anteirent3
270 3009 349 3052 nam
363 2987 473 3053 medio
488 2989 653 3053 montium
668 2997 700 3052 et
715 2988 875 3073 paludum
891 2991 1039 3075 porrige-

66 3088 163 3154 batur
184 3088 355 3175 planities,
380 3112 465 3176 quae
488 3099 622 3156 tenuem
645 3093 754 3157 aciem
775 3101 958 3178 pateretur.
983 3094 1039 3159 de-

65 3193 213 3278 liguntur
235 3193 386 3279 legiones
410 3196 529 3282 quinta
553 3195 673 3261 dextro
702 3195 813 3280 lateri,
844 3198 1039 3262 unetvicen-

68 3300 146 3362 sima
182 3299 217 3362 in
251 3297 395 3382 laevum,
426 3300 570 3386 primani
606 3285 794 3365 ducendum
828 3300 872 3365 ad
906 3320 1037 3384 agmen,

66 3403 310 3467 vicensimanus
334 3401 514 3467 adversum
537 3412 722 3468 secuturos.
1065 3417 1090 3456 25

165 3502 217 3569 65.
240 3505 317 3571 Nox
345 3529 406 3592 per
442 3506 576 3572 diversa
607 3508 753 3594 inquies,
789 3529 864 3572 cum
896 3505 1036 3571 barbari

12 3645 13 3648 =
69 3607 159 3674 festis
178 3608 296 3694 epulis,
319 3609 409 3674 laeto
426 3619 528 3676 cantu
553 3620 610 3676 aut
633 3613 722 3675 truci
748 3632 868 3675 sonore
885 3609 1039 3674 subiecta
