2552 4084
218 276 260 341 58
553 278 726 331 CORNELII
744 281 868 338 rscm

217 470 363 556 penitet?
393 469 602 537 accendebat
627 469 853 557 dedignantes
877 482 910 539 et
939 475 1012 560 ipse
1042 474 1209 542 diversus

218 598 238 640 a
262 575 425 640 maiorum
448 576 627 658 institutis,
651 598 729 642 raro
752 586 890 662 venatu,
915 581 1012 663 segni
1035 600 1208 665 equorum

167 708 191 747 1⁵
220 701 320 762 cura3
343 679 497 764 quotiens
519 700 580 764 per
595 679 696 745 urbes
719 680 902 764 incederet,
925 681 1068 747 lecticae
1085 693 1207 766 gesta-

217 782 307 846 mine
330 782 488 868 fastuque
505 803 586 866 erga
601 784 731 869 patrias
749 785 876 870 epulas.
901 784 1144 850 inridebantur
1167 795 1204 851 et

220 884 345 951 Graeci
390 886 532 952 comites
576 908 616 950 ac
653 886 821 953 vilissima
859 887 1056 954 utensilium
1096 889 1206 956 anulo

219 989 347 1054 clausa.
371 989 430 1055 sed
445 992 591 1076 prompti
614 990 739 1074 aditus,
764 991 864 1057 obvia
881 994 1036 1076 comitas,
1059 995 1206 1078 ignotae

218 1092 355 1159 Parthis
379 1094 533 1176 virtutes,
556 1117 646 1161 nova
669 1096 771 1180 vitia3
794 1105 827 1161 et
851 1097 931 1182 quia
958 1098 1109 1182 ipsorum
1130 1118 1216 1176 m0-,

168 1227 193 1266 20
220 1197 314 1264 ribus
339 1197 462 1282 aliena,
485 1198 627 1284 perinde
651 1199 764 1265 odium
786 1201 901 1286 pravis
926 1209 958 1264 et
981 1200 1147 1266 honestis.

323 1300 353 1364 3.
376 1301 487 1386 Igitur
509 1301 707 1368 Artabanus
724 1302 968 1368 Arsacidarum
991 1326 1010 1368 e
1033 1306 1203 1389 sanguine

220 1405 311 1490 apud
333 1405 453 1472 Dahas
478 1405 614 1473 adultus
639 1409 787 1490 excitur,
816 1410 989 1494 primoque
1013 1428 1203 1490 congressu

220 1508 314 1573 fusus
337 1520 474 1596 reparat
489 1511 581 1577 vires
597 1531 769 1597 regnoque
784 1513 923 1597 potitur.
947 1512 1038 1576 victo
1063 1509 1201 1576 Vononi

219 1615 410 1700 perfugium
432 1614 593 1679 Armenia
615 1616 689 1698 fuit,
713 1637 822 1680 vacua
845 1625 926 1679 tunc
950 1617 1104 1701 interque
1119 1615 1202 1679 Par·

221 1715 354 1783 thorum
378 1727 409 1782 et
433 1718 603 1783 Romanas
627 1740 706 1804 opes
730 1717 834 1783 infida
856 1717 898 1784 ob
923 1717 1032 1784 scelus
1048 1718 1202 1800 Antonii,

222 1823 278 1906 qui
307 1820 527 1887 Artavasden
560 1843 675 1906 regem
703 1822 938 1888 Armeniorum
973 1824 1084 1908 specie
1120 1824 1201 1887 ami-

222 1927 324 1990 citiae
348 1926 519 2009 inlectum,
545 1925 622 1992 dein
646 1928 789 1992 catenis
803 1934 994 2008 oneratum,
1028 1935 1198 2012 postremo

222 2030 449 2096 interfecerat.
485 2031 557 2095 eius
579 2029 669 2094 fflius
693 2029 868 2112 Artaxias,
897 2031 1058 2094 memoria
1091 2031 1200 2115 patris

221 2131 319 2196 nobis
343 2132 505 2216 infensus,
528 2131 773 2197 Arsacidarum
797 2132 829 2196 vi
859 2153 960 2217 seque
993 2153 1198 2217 regnumque

171 2259 196 2297 ιο
223 2244 354 2300 tutatus
378 2245 439 2301 est.
470 2237 582 2302 occiso
605 2234 751 2301 Artaxia
780 2256 841 2320 per
864 2235 977 2301 dolum
999 2236 1199 2322 propinquo·

222 2359 305 2421 rum,
329 2338 429 2405 datus
448 2364 468 2405 a
480 2337 629 2405 Caesare
644 2338 813 2404 Armeniis
829 2339 996 2422 Tigranes
1021 2339 1198 2404 deductus·

223 2465 286 2529 que
310 2446 344 2508 in
367 2465 508 2529 regnum
531 2468 552 2510 a
567 2442 702 2509 Tiberio
718 2443 861 2508 Nerone.
884 2464 947 2508 nec
963 2443 1104 2528 Tigrani
1127 2443 1197 2509 diu·

222 2559 358 2613 turnum
381 2549 558 2634 imperium
591 2548 654 2612 fuit
682 2568 790 2632 neque
813 2546 929 2612 liberis
963 2549 1051 2631 eius,
1087 2569 1198 2634 quam-

223 2675 323 2739 quam
353 2654 491 2718 sociatis
517 2673 610 2717 more
639 2660 778 2716 externo
808 2653 844 2716 in
873 2652 1121 2718 matrimonium
1147 2674 1195 2715 re·

171 2775 197 2815 rs
225 2777 402 2843 gnumque.

326 2861 356 2925 4.
378 2859 483 2925 Dein
500 2861 595 2926 iussu
618 2858 765 2942 Augusti
800 2859 966 2946 inpositus
989 2857 1196 2925 Artavasdes

225 2974 258 3030 et
291 2987 358 3030 non
393 2965 466 3029 sine
500 2963 599 3028 clade
632 2971 750 3028 nostra
786 2962 947 3029 deiectus.
991 2973 1064 3027 tum
1094 2959 1194 3027 Gaius

224 3067 352 3134 Caesar
374 3067 625 3154 componendae
647 3065 829 3132 Armeniae
854 3067 1024 3152 deligitur.
1054 3067 1083 3131 is
1105 3063 1195 3131 Ario·
1263 3103 1264 3110 .

223 3172 413 3251 barnanen,
446 3172 577 3253 origine
599 3170 751 3253 Medum,
783 3171 825 3236 ob
855 3173 1023 3255 insignem
1052 3171 1194 3254 corporis

185 3309 197 3346 s
225 3277 366 3340 formam
383 3286 416 3341 et
430 3273 643 3360 praeclarum
659 3275 807 3339 animum
822 3273 1014 3338 volentibus
1031 3271 1193 3338 Armeniis

224 3379 398 3464 praefecit.
443 3376 676 3442 Ariobarzane
703 3385 811 3441 morte
844 3377 985 3441 fortuita
1020 3375 1189 3462 absumpto

225 3483 364 3567 stirpem
380 3482 451 3544 eius
474 3479 567 3545 haud
580 3479 786 3563 toleravere3
809 3488 1040 3566 temptatoque
1056 3480 1192 3545 feminae

222 3583 371 3668 imperio,
395 3585 450 3646 cui
473 3603 594 3648 nornen
615 3582 731 3665 Erato,
757 3603 863 3668 eaque
892 3581 988 3648 brevi
1010 3583 1119 3668 pulsa,
1146 3582 1191 3646 in·
