<?xml version="1.0" encoding="UTF-8"?>
<!DOCTYPE html PUBLIC "-//W3C//DTD XHTML 1.0 Transitional//EN"
    "http://www.w3.org/TR/xhtml1/DTD/xhtml1-transitional.dtd">
<html xmlns="http://www.w3.org/1999/xhtml" xml:lang="en" lang="en">
 <head>
  <title>
</title>
<meta http-equiv="Content-Type" content="text/html;charset=utf-8" />
  <meta name='ocr-system' content='tesseract 3.04.00' />
  <meta name='ocr-capabilities' content='ocr_page ocr_carea ocr_par ocr_line ocrx_word'/>
</head>
<body>
  <div class='ocr_page' id='page_1' title='image "./corneliitacitia03tacigoog_0242.png"; bbox 0 0 2500 4084; ppageno 0'>
   <div class='ocr_carea' id='block_1_1' title="bbox 247 335 1033 408">
    <p class='ocr_par' dir='ltr' id='par_1_1' title="bbox 247 335 1033 408">
     <span class='ocr_line' id='line_1_1' title="bbox 247 335 1033 408; baseline -0.011 -1"><span class='ocrx_word' id='word_1_1' title='bbox 247 355 292 407; x_wconf 79' lang='lat' dir='ltr'><strong>sa</strong></span> <span class='ocrx_word' id='word_1_2' title='bbox 310 351 475 406; x_wconf 78' lang='lat' dir='ltr'><strong>excussu</strong></span> <span class='ocrx_word' id='word_1_3' title='bbox 496 335 716 404; x_wconf 80' lang='grc'><strong>1111111111.</strong></span> <span class='ocrx_word' id='word_1_4' title='bbox 736 347 847 401; x_wconf 83' lang='lat' dir='ltr'><strong>so-oo.</strong></span> <span class='ocrx_word' id='word_1_5' title='bbox 972 342 1033 408; x_wconf 83' lang='lat'><strong>199</strong></span> 
     </span>
    </p>
   </div>
   <div class='ocr_carea' id='block_1_2' title="bbox 53 537 1109 3736">
    <p class='ocr_par' dir='ltr' id='par_1_2' title="bbox 53 537 1094 1770">
     <span class='ocr_line' id='line_1_2' title="bbox 53 537 1075 632; baseline -0.01 -20"><span class='ocrx_word' id='word_1_6' title='bbox 53 544 214 632; x_wconf 90' lang='lat' dir='ltr'><strong>praediti,</strong></span> <span class='ocrx_word' id='word_1_7' title='bbox 237 545 340 612; x_wconf 83' lang='lat' dir='ltr'><strong>ferme</strong></span> <span class='ocrx_word' id='word_1_8' title='bbox 364 543 505 629; x_wconf 80' lang='lat' dir='ltr'><strong>Graeci,</strong></span> <span class='ocrx_word' id='word_1_9' title='bbox 534 565 675 630; x_wconf 91' lang='lat' dir='ltr'><strong>quorum</strong></span> <span class='ocrx_word' id='word_1_10' title='bbox 708 537 918 606; x_wconf 84' lang='lat' dir='ltr'>sermonibus</span> <span class='ocrx_word' id='word_1_11' title='bbox 942 537 1034 603; x_wconf 91' lang='lat' dir='ltr'><strong>leva·</strong></span> <span class='ocrx_word' id='word_1_12' title='bbox 1061 543 1075 584; x_wconf 68' lang='grc' dir='ltr'><strong>ὅ</strong></span> 
     </span>
     <span class='ocr_line' id='line_1_3' title="bbox 54 639 1036 736; baseline -0.009 -21"><span class='ocrx_word' id='word_1_13' title='bbox 54 659 159 716; x_wconf 90' lang='lat' dir='ltr'><strong>retur.</strong></span> <span class='ocrx_word' id='word_1_14' title='bbox 188 649 343 716; x_wconf 86' lang='lat' dir='ltr'><strong>ferebant</strong></span> <span class='ocrx_word' id='word_1_15' title='bbox 364 649 465 736; x_wconf 88' lang='lat' dir='ltr'><strong>periti</strong></span> <span class='ocrx_word' id='word_1_16' title='bbox 488 647 687 714; x_wconf 89' lang='lat' dir='ltr'><strong>caelestium</strong></span> <span class='ocrx_word' id='word_1_17' title='bbox 715 645 755 709; x_wconf 89' lang='lat' dir='ltr'><strong>iis</strong></span> <span class='ocrx_word' id='word_1_18' title='bbox 778 641 924 709; x_wconf 88' lang='lat' dir='ltr'><strong>motibus</strong></span> <span class='ocrx_word' id='word_1_19' title='bbox 950 639 1036 706; x_wconf 92' lang='lat' dir='ltr'><strong>side-</strong></span> 
     </span>
     <span class='ocr_line' id='line_1_4' title="bbox 56 745 1036 834; baseline -0.01 -15"><span class='ocrx_word' id='word_1_20' title='bbox 56 775 130 819; x_wconf 88' lang='lat' dir='ltr'><strong>rum</strong></span> <span class='ocrx_word' id='word_1_21' title='bbox 155 754 347 819; x_wconf 79' lang='lat' dir='ltr'>excessisse</span> <span class='ocrx_word' id='word_1_22' title='bbox 369 752 474 818; x_wconf 90' lang='lat' dir='ltr'><strong>Roma</strong></span> <span class='ocrx_word' id='word_1_23' title='bbox 496 751 679 834; x_wconf 82' lang='lat' dir='ltr'><strong>Tiberium,</strong></span> <span class='ocrx_word' id='word_1_24' title='bbox 702 758 739 814; x_wconf 91' lang='lat' dir='ltr'><strong>ut</strong></span> <span class='ocrx_word' id='word_1_25' title='bbox 762 745 890 813; x_wconf 89' lang='lat' dir='ltr'><strong>reditus</strong></span> <span class='ocrx_word' id='word_1_26' title='bbox 914 745 964 811; x_wconf 89' lang='lat' dir='ltr'><strong>illi</strong></span> <span class='ocrx_word' id='word_1_27' title='bbox 980 766 1036 810; x_wconf 91' lang='lat' dir='ltr'><strong>ne-</strong></span> 
     </span>
     <span class='ocr_line' id='line_1_5' title="bbox 59 853 1038 940; baseline -0.007 -18"><span class='ocrx_word' id='word_1_28' title='bbox 59 865 209 940; x_wconf 83' lang='lat' dir='ltr'><strong>garetur.</strong></span> <span class='ocrx_word' id='word_1_29' title='bbox 253 857 344 922; x_wconf 90' lang='lat' dir='ltr'><strong>unde</strong></span> <span class='ocrx_word' id='word_1_30' title='bbox 372 855 470 922; x_wconf 87' lang='lat' dir='ltr'><strong>exitii</strong></span> <span class='ocrx_word' id='word_1_31' title='bbox 493 877 599 921; x_wconf 86' lang='lat' dir='ltr'><strong>causa</strong></span> <span class='ocrx_word' id='word_1_32' title='bbox 621 853 736 920; x_wconf 91' lang='lat' dir='ltr'><strong>multis</strong></span> <span class='ocrx_word' id='word_1_33' title='bbox 767 853 832 919; x_wconf 86' lang='lat' dir='ltr'><strong>fuit</strong></span> <span class='ocrx_word' id='word_1_34' title='bbox 859 870 1038 938; x_wconf 88' lang='lat' dir='ltr'><strong>properum</strong></span> 
     </span>
     <span class='ocr_line' id='line_1_6' title="bbox 59 956 1039 1043; baseline -0.007 -18"><span class='ocrx_word' id='word_1_35' title='bbox 59 961 161 1025; x_wconf 86' lang='lat' dir='ltr'><strong>finem</strong></span> <span class='ocrx_word' id='word_1_36' title='bbox 184 961 279 1025; x_wconf 87' lang='lat' dir='ltr'><strong>vitae</strong></span> <span class='ocrx_word' id='word_1_37' title='bbox 295 958 573 1026; x_wconf 71' lang='lat' dir='ltr'><strong>..coniectantibus</strong></span> <span class='ocrx_word' id='word_1_38' title='bbox 596 956 898 1043; x_wconf 80' lang='lat' dir='ltr'><strong>vulgantibusque3</strong></span> <span class='ocrx_word' id='word_1_39' title='bbox 930 977 1039 1042; x_wconf 90' lang='lat' dir='ltr'><strong>neque</strong></span> 
     </span>
     <span class='ocr_line' id='line_1_7' title="bbox 61 1051 1092 1147; baseline -0.003 -21"><span class='ocrx_word' id='word_1_40' title='bbox 61 1057 151 1129; x_wconf 90' lang='lat' dir='ltr'><strong>enim</strong></span> <span class='ocrx_word' id='word_1_41' title='bbox 192 1071 261 1129; x_wconf 88' lang='lat' dir='ltr'><strong>tam</strong></span> <span class='ocrx_word' id='word_1_42' title='bbox 295 1051 533 1128; x_wconf 71' lang='lat' dir='ltr'><strong>&#39;incredibilem</strong></span> <span class='ocrx_word' id='word_1_43' title='bbox 573 1083 689 1127; x_wconf 91' lang='lat' dir='ltr'><strong>casum</strong></span> <span class='ocrx_word' id='word_1_44' title='bbox 726 1059 968 1147; x_wconf 82' lang='lat' dir='ltr'><strong>providebant,</strong></span> <span class='ocrx_word' id='word_1_45' title='bbox 1003 1068 1039 1124; x_wconf 91' lang='lat' dir='ltr'><strong>ut</strong></span> <span class='ocrx_word' id='word_1_46' title='bbox 1066 1064 1092 1104; x_wconf 86' lang='lat'><strong>1⁰</strong></span> 
     </span>
     <span class='ocr_line' id='line_1_8' title="bbox 60 1163 1040 1253; baseline -0.006 -21"><span class='ocrx_word' id='word_1_47' title='bbox 60 1166 219 1232; x_wconf 83' lang='lat' dir='ltr'><strong>undecim</strong></span> <span class='ocrx_word' id='word_1_48' title='bbox 251 1188 312 1253; x_wconf 90' lang='lat' dir='ltr'><strong>per</strong></span> <span class='ocrx_word' id='word_1_49' title='bbox 345 1187 451 1232; x_wconf 90' lang='lat' dir='ltr'><strong>annos</strong></span> <span class='ocrx_word' id='word_1_50' title='bbox 485 1163 594 1232; x_wconf 88' lang='lat' dir='ltr'><strong>libens</strong></span> <span class='ocrx_word' id='word_1_51' title='bbox 628 1166 742 1252; x_wconf 89' lang='lat' dir='ltr'><strong>patria</strong></span> <span class='ocrx_word' id='word_1_52' title='bbox 775 1172 916 1231; x_wconf 89' lang='lat' dir='ltr'><strong>careret.</strong></span> <span class='ocrx_word' id='word_1_53' title='bbox 961 1183 1040 1227; x_wconf 86' lang='lat' dir='ltr'><strong>mox</strong></span> 
     </span>
     <span class='ocr_line' id='line_1_9' title="bbox 61 1267 1041 1357; baseline -0.005 -22"><span class='ocrx_word' id='word_1_54' title='bbox 61 1272 175 1357; x_wconf 89' lang='lat' dir='ltr'><strong>patuit</strong></span> <span class='ocrx_word' id='word_1_55' title='bbox 190 1270 291 1336; x_wconf 88' lang='lat' dir='ltr'><strong>breve</strong></span> <span class='ocrx_word' id='word_1_56' title='bbox 311 1270 492 1336; x_wconf 90' lang='lat' dir='ltr'><strong>confinium</strong></span> <span class='ocrx_word' id='word_1_57' title='bbox 515 1270 599 1335; x_wconf 88' lang='lat' dir='ltr'><strong>artis</strong></span> <span class='ocrx_word' id='word_1_58' title='bbox 616 1279 650 1334; x_wconf 93' lang='lat' dir='ltr'><strong>et</strong></span> <span class='ocrx_word' id='word_1_59' title='bbox 665 1267 754 1352; x_wconf 85' lang='lat' dir='ltr'><strong>falsi,</strong></span> <span class='ocrx_word' id='word_1_60' title='bbox 777 1288 924 1354; x_wconf 85' lang='lat' dir='ltr'><strong>veraque</strong></span> <span class='ocrx_word' id='word_1_61' title='bbox 941 1286 1041 1353; x_wconf 91' lang='lat' dir='ltr'><strong>quam</strong></span> 
     </span>
     <span class='ocr_line' id='line_1_10' title="bbox 63 1372 1041 1458; baseline -0.004 -21"><span class='ocrx_word' id='word_1_62' title='bbox 63 1373 216 1439; x_wconf 76' lang='lat' dir='ltr'><strong>obscuris</strong></span> <span class='ocrx_word' id='word_1_63' title='bbox 241 1383 446 1458; x_wconf 83' lang='lat' dir='ltr'><strong>tegerentur.</strong></span> <span class='ocrx_word' id='word_1_64' title='bbox 475 1395 553 1439; x_wconf 89' lang='lat' dir='ltr'><strong>nam</strong></span> <span class='ocrx_word' id='word_1_65' title='bbox 577 1373 612 1437; x_wconf 94' lang='lat' dir='ltr'><strong>in</strong></span> <span class='ocrx_word' id='word_1_66' title='bbox 635 1372 753 1439; x_wconf 89' lang='lat' dir='ltr'><strong>urbem</strong></span> <span class='ocrx_word' id='word_1_67' title='bbox 774 1394 841 1438; x_wconf 92' lang='lat' dir='ltr'><strong>non</strong></span> <span class='ocrx_word' id='word_1_68' title='bbox 870 1391 1041 1454; x_wconf 83' lang='lat' dir='ltr'><strong>regressu·</strong></span> 
     </span>
     <span class='ocr_line' id='line_1_11' title="bbox 63 1475 1041 1560; baseline -0.005 -19"><span class='ocrx_word' id='word_1_69' title='bbox 63 1497 138 1542; x_wconf 89' lang='lat' dir='ltr'><strong>rum</strong></span> <span class='ocrx_word' id='word_1_70' title='bbox 150 1475 243 1544; x_wconf 90' lang='lat' dir='ltr'><strong>haud</strong></span> <span class='ocrx_word' id='word_1_71' title='bbox 258 1477 344 1543; x_wconf 83' lang='lat' dir='ltr'><strong>sorte</strong></span> <span class='ocrx_word' id='word_1_72' title='bbox 361 1477 503 1543; x_wconf 89' lang='lat' dir='ltr'><strong>dictum:</strong></span> <span class='ocrx_word' id='word_1_73' title='bbox 520 1486 707 1543; x_wconf 89' lang='lat' dir='ltr'><strong>ceterorum</strong></span> <span class='ocrx_word' id='word_1_74' title='bbox 719 1477 827 1542; x_wconf 91' lang='lat' dir='ltr'><strong>nescii</strong></span> <span class='ocrx_word' id='word_1_75' title='bbox 841 1496 948 1560; x_wconf 83' lang='lat' dir='ltr'><strong>egere,</strong></span> <span class='ocrx_word' id='word_1_76' title='bbox 966 1493 1041 1538; x_wconf 91' lang='lat' dir='ltr'><strong>cum</strong></span> 
     </span>
     <span class='ocr_line' id='line_1_12' title="bbox 63 1575 1094 1667; baseline -0.005 -23"><span class='ocrx_word' id='word_1_77' title='bbox 63 1580 250 1666; x_wconf 90' lang='lat' dir='ltr'><strong>propinquo</strong></span> <span class='ocrx_word' id='word_1_78' title='bbox 279 1601 357 1645; x_wconf 91' lang='lat' dir='ltr'><strong>rure</strong></span> <span class='ocrx_word' id='word_1_79' title='bbox 386 1589 445 1646; x_wconf 89' lang='lat' dir='ltr'><strong>aut</strong></span> <span class='ocrx_word' id='word_1_80' title='bbox 471 1579 571 1647; x_wconf 90' lang='lat' dir='ltr'><strong>litore</strong></span> <span class='ocrx_word' id='word_1_81' title='bbox 601 1590 634 1647; x_wconf 94' lang='lat' dir='ltr'><strong>et</strong></span> <span class='ocrx_word' id='word_1_82' title='bbox 657 1602 758 1667; x_wconf 83' lang='lat' dir='ltr'><strong>saepe</strong></span> <span class='ocrx_word' id='word_1_83' title='bbox 785 1581 919 1645; x_wconf 89' lang='lat' dir='ltr'><strong>moenia</strong></span> <span class='ocrx_word' id='word_1_84' title='bbox 947 1575 1040 1642; x_wconf 91' lang='lat' dir='ltr'><strong>urbis</strong></span> <span class='ocrx_word' id='word_1_85' title='bbox 1070 1581 1094 1622; x_wconf 82' lang='lat'><strong>¹⁵</strong></span> 
     </span>
     <span class='ocr_line' id='line_1_13' title="bbox 65 1681 884 1770; baseline 0.001 -23"><span class='ocrx_word' id='word_1_86' title='bbox 65 1681 228 1749; x_wconf 82' lang='lat' dir='ltr'><strong>adsidens</strong></span> <span class='ocrx_word' id='word_1_87' title='bbox 253 1694 439 1750; x_wconf 83' lang='lat' dir='ltr'><strong>extremam</strong></span> <span class='ocrx_word' id='word_1_88' title='bbox 463 1693 634 1750; x_wconf 79' lang='lat' dir='ltr'><strong>senectam</strong></span> <span class='ocrx_word' id='word_1_89' title='bbox 656 1683 884 1770; x_wconf 87' lang='lat' dir='ltr'><strong>compleverit.</strong></span> 
     </span>
    </p>

    <p class='ocr_par' dir='ltr' id='par_1_3' title="bbox 66 1784 1109 3736">
     <span class='ocr_line' id='line_1_14' title="bbox 169 1784 1044 1853; baseline 0.003 -6"><span class='ocrx_word' id='word_1_90' title='bbox 169 1784 221 1851; x_wconf 80' lang='lat'><strong>59.</strong></span> <span class='ocrx_word' id='word_1_91' title='bbox 244 1785 295 1852; x_wconf 88' lang='lat' dir='ltr'><strong>Ac</strong></span> <span class='ocrx_word' id='word_1_92' title='bbox 318 1787 406 1853; x_wconf 84' lang='lat' dir='ltr'><strong>forte</strong></span> <span class='ocrx_word' id='word_1_93' title='bbox 428 1784 497 1852; x_wconf 90' lang='lat' dir='ltr'><strong>illis</strong></span> <span class='ocrx_word' id='word_1_94' title='bbox 522 1786 640 1853; x_wconf 88' lang='lat' dir='ltr'><strong>diebus</strong></span> <span class='ocrx_word' id='word_1_95' title='bbox 659 1786 808 1853; x_wconf 90' lang='lat' dir='ltr'><strong>oblatum</strong></span> <span class='ocrx_word' id='word_1_96' title='bbox 824 1785 963 1852; x_wconf 79' lang='lat' dir='ltr'><strong>Caesari</strong></span> <span class='ocrx_word' id='word_1_97' title='bbox 987 1809 1044 1852; x_wconf 90' lang='lat' dir='ltr'><strong>an·</strong></span> 
     </span>
     <span class='ocr_line' id='line_1_15' title="bbox 66 1889 1046 1978; baseline 0 -24"><span class='ocrx_word' id='word_1_98' title='bbox 66 1911 145 1978; x_wconf 90' lang='lat' dir='ltr'><strong>ceps</strong></span> <span class='ocrx_word' id='word_1_99' title='bbox 180 1890 364 1976; x_wconf 91' lang='lat' dir='ltr'><strong>periculum</strong></span> <span class='ocrx_word' id='word_1_100' title='bbox 398 1893 495 1956; x_wconf 85' lang='lat' dir='ltr'><strong>auxit</strong></span> <span class='ocrx_word' id='word_1_101' title='bbox 527 1913 616 1956; x_wconf 89' lang='lat' dir='ltr'><strong>vana</strong></span> <span class='ocrx_word' id='word_1_102' title='bbox 650 1892 792 1956; x_wconf 90' lang='lat' dir='ltr'><strong>rumoris</strong></span> <span class='ocrx_word' id='word_1_103' title='bbox 825 1889 1046 1976; x_wconf 78' lang='lat' dir='ltr'><strong>praebuitque</strong></span> 
     </span>
     <span class='ocr_line' id='line_1_16' title="bbox 67 1991 1046 2081; baseline -0.001 -23"><span class='ocrx_word' id='word_1_104' title='bbox 67 1996 133 2081; x_wconf 85' lang='lat' dir='ltr'><strong>ipsi</strong></span> <span class='ocrx_word' id='word_1_105' title='bbox 156 1997 341 2078; x_wconf 83' lang='lat' dir='ltr'><strong>materiem,</strong></span> <span class='ocrx_word' id='word_1_106' title='bbox 365 1996 619 2061; x_wconf 65' lang='lat' dir='ltr'><strong>cur‘amicitiae</strong></span> <span class='ocrx_word' id='word_1_107' title='bbox 635 1996 914 2081; x_wconf 87' lang='lat' dir='ltr'><strong>constantiaeque</strong></span> <span class='ocrx_word' id='word_1_108' title='bbox 931 1991 1046 2058; x_wconf 81' lang='lat' dir='ltr'><strong>Seiani</strong></span> 
     </span>
     <span class='ocr_line' id='line_1_17' title="bbox 66 2096 1045 2183; baseline -0.002 -20"><span class='ocrx_word' id='word_1_109' title='bbox 66 2100 178 2183; x_wconf 83' lang='lat' dir='ltr'><strong>magis</strong></span> <span class='ocrx_word' id='word_1_110' title='bbox 199 2098 328 2164; x_wconf 89' lang='lat' dir='ltr'><strong>fideret.</strong></span> <span class='ocrx_word' id='word_1_111' title='bbox 351 2097 577 2165; x_wconf 90' lang='lat' dir='ltr'><strong>vescebantur</strong></span> <span class='ocrx_word' id='word_1_112' title='bbox 600 2100 635 2163; x_wconf 91' lang='lat' dir='ltr'><strong>in</strong></span> <span class='ocrx_word' id='word_1_113' title='bbox 656 2097 749 2181; x_wconf 89' lang='lat' dir='ltr'><strong>villa,</strong></span> <span class='ocrx_word' id='word_1_114' title='bbox 772 2099 827 2164; x_wconf 91' lang='lat' dir='ltr'><strong>oui</strong></span> <span class='ocrx_word' id='word_1_115' title='bbox 842 2096 1045 2164; x_wconf 86' lang='lat' dir='ltr'><strong>vocabulum</strong></span> 
     </span>
     <span class='ocr_line' id='line_1_18' title="bbox 69 2197 1086 2288; baseline -0.005 -21"><span class='ocrx_word' id='word_1_116' title='bbox 69 2197 273 2288; x_wconf 86' lang='lat' dir='ltr'><strong>Speluncae,</strong></span> <span class='ocrx_word' id='word_1_117' title='bbox 296 2223 389 2268; x_wconf 90' lang='lat' dir='ltr'><strong>mare</strong></span> <span class='ocrx_word' id='word_1_118' title='bbox 411 2200 659 2268; x_wconf 88' lang='lat' dir='ltr'><strong>Amunclanum</strong></span> <span class='ocrx_word' id='word_1_119' title='bbox 686 2202 776 2266; x_wconf 91' lang='lat' dir='ltr'><strong>inter</strong></span> <span class='ocrx_word' id='word_1_120' title='bbox 804 2210 838 2266; x_wconf 94' lang='lat' dir='ltr'><strong>et</strong></span> <span class='ocrx_word' id='word_1_121' title='bbox 859 2199 1045 2266; x_wconf 81' lang='lat' dir='ltr'><strong>Fundanos</strong></span> <span class='ocrx_word' id='word_1_122' title='bbox 1073 2219 1086 2260; x_wconf 83' lang='lat' dir='ltr'><strong>o</strong></span> 
     </span>
     <span class='ocr_line' id='line_1_19' title="bbox 68 2303 1048 2392; baseline -0.002 -21"><span class='ocrx_word' id='word_1_123' title='bbox 68 2313 217 2387; x_wconf 83' lang='lat' dir='ltr'><strong>montes,</strong></span> <span class='ocrx_word' id='word_1_124' title='bbox 245 2305 362 2372; x_wconf 88' lang='lat' dir='ltr'><strong>nativo</strong></span> <span class='ocrx_word' id='word_1_125' title='bbox 397 2307 432 2371; x_wconf 91' lang='lat' dir='ltr'><strong>in</strong></span> <span class='ocrx_word' id='word_1_126' title='bbox 463 2327 574 2392; x_wconf 85' lang='lat' dir='ltr'><strong>specu.</strong></span> <span class='ocrx_word' id='word_1_127' title='bbox 621 2306 693 2370; x_wconf 89' lang='lat' dir='ltr'><strong>eius</strong></span> <span class='ocrx_word' id='word_1_128' title='bbox 723 2325 759 2370; x_wconf 90' lang='lat' dir='ltr'><strong>os</strong></span> <span class='ocrx_word' id='word_1_129' title='bbox 782 2303 887 2392; x_wconf 88' lang='lat' dir='ltr'><strong>lapsis</strong></span> <span class='ocrx_word' id='word_1_130' title='bbox 911 2314 1048 2390; x_wconf 88' lang='lat' dir='ltr'><strong>repente</strong></span> 
     </span>
     <span class='ocr_line' id='line_1_20' title="bbox 72 2407 1049 2497; baseline -0.001 -23"><span class='ocrx_word' id='word_1_131' title='bbox 72 2409 166 2476; x_wconf 81' lang='lat' dir='ltr'><strong>saxis</strong></span> <span class='ocrx_word' id='word_1_132' title='bbox 197 2407 307 2475; x_wconf 90' lang='lat' dir='ltr'><strong>obruit</strong></span> <span class='ocrx_word' id='word_1_133' title='bbox 341 2409 504 2497; x_wconf 88' lang='lat' dir='ltr'><strong>quosdam</strong></span> <span class='ocrx_word' id='word_1_134' title='bbox 533 2409 720 2475; x_wconf 90' lang='lat' dir='ltr'><strong>ministros:</strong></span> <span class='ocrx_word' id='word_1_135' title='bbox 764 2407 842 2473; x_wconf 93' lang='lat' dir='ltr'><strong>hinc</strong></span> <span class='ocrx_word' id='word_1_136' title='bbox 872 2417 980 2474; x_wconf 88' lang='lat' dir='ltr'><strong>metus</strong></span> <span class='ocrx_word' id='word_1_137' title='bbox 1015 2410 1049 2473; x_wconf 92' lang='lat' dir='ltr'><strong>in</strong></span> 
     </span>
     <span class='ocr_line' id='line_1_21' title="bbox 72 2511 1049 2600; baseline -0.004 -22"><span class='ocrx_word' id='word_1_138' title='bbox 72 2535 188 2578; x_wconf 81' lang='lat' dir='ltr'><strong>omnes</strong></span> <span class='ocrx_word' id='word_1_139' title='bbox 213 2521 245 2577; x_wconf 89' lang='lat' dir='ltr'><strong>et</strong></span> <span class='ocrx_word' id='word_1_140' title='bbox 269 2512 350 2597; x_wconf 85' lang='lat' dir='ltr'><strong>fuga</strong></span> <span class='ocrx_word' id='word_1_141' title='bbox 375 2535 498 2597; x_wconf 91' lang='lat' dir='ltr'><strong>eorum,</strong></span> <span class='ocrx_word' id='word_1_142' title='bbox 522 2513 578 2600; x_wconf 91' lang='lat' dir='ltr'><strong>qui</strong></span> <span class='ocrx_word' id='word_1_143' title='bbox 602 2512 796 2576; x_wconf 90' lang='lat' dir='ltr'><strong>convivium</strong></span> <span class='ocrx_word' id='word_1_144' title='bbox 819 2511 1049 2577; x_wconf 87' lang='lat' dir='ltr'><strong>celebrabant.</strong></span> 
     </span>
     <span class='ocr_line' id='line_1_22' title="bbox 73 2613 1052 2703; baseline 0 -23"><span class='ocrx_word' id='word_1_145' title='bbox 73 2614 215 2681; x_wconf 89' lang='lat' dir='ltr'><strong>Seianus</strong></span> <span class='ocrx_word' id='word_1_146' title='bbox 239 2636 327 2699; x_wconf 87' lang='lat' dir='ltr'><strong>genu</strong></span> <span class='ocrx_word' id='word_1_147' title='bbox 342 2615 503 2703; x_wconf 88' lang='lat' dir='ltr'><strong>vultuque</strong></span> <span class='ocrx_word' id='word_1_148' title='bbox 527 2624 560 2681; x_wconf 90' lang='lat' dir='ltr'><strong>et</strong></span> <span class='ocrx_word' id='word_1_149' title='bbox 574 2613 730 2680; x_wconf 88' lang='lat' dir='ltr'><strong>manibus</strong></span> <span class='ocrx_word' id='word_1_150' title='bbox 755 2634 853 2700; x_wconf 91' lang='lat' dir='ltr'><strong>super</strong></span> <span class='ocrx_word' id='word_1_151' title='bbox 869 2613 1052 2681; x_wconf 77' lang='lat' dir='ltr'><strong>Caesarem</strong></span> 
     </span>
     <span class='ocr_line' id='line_1_23' title="bbox 72 2716 1104 2805; baseline -0.009 -20"><span class='ocrx_word' id='word_1_152' title='bbox 72 2739 255 2804; x_wconf 84' lang='lat' dir='ltr'><strong>suspensus</strong></span> <span class='ocrx_word' id='word_1_153' title='bbox 279 2720 433 2805; x_wconf 89' lang='lat' dir='ltr'><strong>opposuit</strong></span> <span class='ocrx_word' id='word_1_154' title='bbox 449 2739 524 2784; x_wconf 89' lang='lat' dir='ltr'><strong>sese</strong></span> <span class='ocrx_word' id='word_1_155' title='bbox 546 2716 785 2802; x_wconf 85' lang='lat' dir='ltr'><strong>incidentibus,</strong></span> <span class='ocrx_word' id='word_1_156' title='bbox 809 2728 910 2804; x_wconf 89' lang='lat' dir='ltr'><strong>atque</strong></span> <span class='ocrx_word' id='word_1_157' title='bbox 932 2718 1051 2784; x_wconf 90' lang='lat' dir='ltr'><strong>habitu</strong></span> <span class='ocrx_word' id='word_1_158' title='bbox 1079 2735 1104 2776; x_wconf 77' lang='grc' dir='ltr'><strong>ιο</strong></span> 
     </span>
     <span class='ocr_line' id='line_1_24' title="bbox 73 2819 1052 2909; baseline 0.003 -23"><span class='ocrx_word' id='word_1_159' title='bbox 73 2819 135 2886; x_wconf 88' lang='lat' dir='ltr'><strong>tali</strong></span> <span class='ocrx_word' id='word_1_160' title='bbox 152 2829 303 2906; x_wconf 86' lang='lat' dir='ltr'><strong>repertus</strong></span> <span class='ocrx_word' id='word_1_161' title='bbox 321 2833 373 2888; x_wconf 81' lang='lat' dir='ltr'><strong>est</strong></span> <span class='ocrx_word' id='word_1_162' title='bbox 395 2845 416 2888; x_wconf 93' lang='lat' dir='ltr'><strong>a</strong></span> <span class='ocrx_word' id='word_1_163' title='bbox 431 2822 605 2907; x_wconf 89' lang='lat' dir='ltr'><strong>militibus,</strong></span> <span class='ocrx_word' id='word_1_164' title='bbox 629 2824 685 2909; x_wconf 90' lang='lat' dir='ltr'><strong>qui</strong></span> <span class='ocrx_word' id='word_1_165' title='bbox 709 2820 860 2886; x_wconf 89' lang='lat' dir='ltr'><strong>subsidio</strong></span> <span class='ocrx_word' id='word_1_166' title='bbox 877 2831 1052 2889; x_wconf 87' lang='lat' dir='ltr'><strong>venerant.</strong></span> 
     </span>
     <span class='ocr_line' id='line_1_25' title="bbox 74 2924 1053 3012; baseline 0.002 -23"><span class='ocrx_word' id='word_1_167' title='bbox 74 2925 183 2989; x_wconf 88' lang='lat' dir='ltr'><strong>maior</strong></span> <span class='ocrx_word' id='word_1_168' title='bbox 205 2945 248 2990; x_wconf 85' lang='lat' dir='ltr'><strong>ex</strong></span> <span class='ocrx_word' id='word_1_169' title='bbox 271 2945 327 3009; x_wconf 89' lang='lat' dir='ltr'><strong>eo,</strong></span> <span class='ocrx_word' id='word_1_170' title='bbox 362 2935 396 2991; x_wconf 87' lang='lat' dir='ltr'><strong>et</strong></span> <span class='ocrx_word' id='word_1_171' title='bbox 419 2947 620 3012; x_wconf 89' lang='lat' dir='ltr'><strong>quamquam</strong></span> <span class='ocrx_word' id='word_1_172' title='bbox 643 2925 789 2990; x_wconf 86' lang='lat' dir='ltr'><strong>exitiosa</strong></span> <span class='ocrx_word' id='word_1_173' title='bbox 813 2924 986 3011; x_wconf 89' lang='lat' dir='ltr'><strong>suaderet,</strong></span> <span class='ocrx_word' id='word_1_174' title='bbox 1016 2935 1053 2991; x_wconf 91' lang='lat' dir='ltr'><strong>ut</strong></span> 
     </span>
     <span class='ocr_line' id='line_1_26' title="bbox 75 3026 1054 3114; baseline 0.003 -21"><span class='ocrx_word' id='word_1_175' title='bbox 75 3049 143 3093; x_wconf 90' lang='lat' dir='ltr'><strong>non</strong></span> <span class='ocrx_word' id='word_1_176' title='bbox 166 3028 218 3093; x_wconf 88' lang='lat' dir='ltr'><strong>sui</strong></span> <span class='ocrx_word' id='word_1_177' title='bbox 247 3030 369 3094; x_wconf 91' lang='lat' dir='ltr'><strong>anxius</strong></span> <span class='ocrx_word' id='word_1_178' title='bbox 377 3079 386 3114; x_wconf 94' lang='lat'><strong>,</strong></span> <span class='ocrx_word' id='word_1_179' title='bbox 416 3051 491 3094; x_wconf 84' lang='lat' dir='ltr'><strong>cunr</strong></span> <span class='ocrx_word' id='word_1_180' title='bbox 519 3029 585 3095; x_wconf 90' lang='lat' dir='ltr'><strong>fide</strong></span> <span class='ocrx_word' id='word_1_181' title='bbox 615 3026 826 3094; x_wconf 86' lang='lat' dir='ltr'><strong>audiebatur.</strong></span> <span class='ocrx_word' id='word_1_182' title='bbox 873 3029 1054 3096; x_wconf 88' lang='lat' dir='ltr'><strong>adsimula-</strong></span> 
     </span>
     <span class='ocr_line' id='line_1_27' title="bbox 75 3129 1055 3221; baseline 0.003 -25"><span class='ocrx_word' id='word_1_183' title='bbox 75 3131 201 3217; x_wconf 89' lang='lat' dir='ltr'><strong>batque</strong></span> <span class='ocrx_word' id='word_1_184' title='bbox 224 3131 346 3197; x_wconf 91' lang='lat' dir='ltr'><strong>iudicis</strong></span> <span class='ocrx_word' id='word_1_185' title='bbox 361 3142 476 3220; x_wconf 87' lang='lat' dir='ltr'><strong>partes</strong></span> <span class='ocrx_word' id='word_1_186' title='bbox 493 3133 673 3199; x_wconf 86' lang='lat' dir='ltr'><strong>adversum</strong></span> <span class='ocrx_word' id='word_1_187' title='bbox 688 3129 883 3198; x_wconf 77' lang='lat' dir='ltr'><strong>Germanici</strong></span> <span class='ocrx_word' id='word_1_188' title='bbox 907 3134 1055 3221; x_wconf 89' lang='lat' dir='ltr'><strong>stirpem,</strong></span> 
     </span>
     <span class='ocr_line' id='line_1_28' title="bbox 78 3234 1109 3322; baseline 0.005 -24"><span class='ocrx_word' id='word_1_189' title='bbox 78 3234 223 3301; x_wconf 89' lang='lat' dir='ltr'><strong>subditis</strong></span> <span class='ocrx_word' id='word_1_190' title='bbox 248 3238 304 3322; x_wconf 90' lang='lat' dir='ltr'><strong>qui</strong></span> <span class='ocrx_word' id='word_1_191' title='bbox 320 3245 558 3304; x_wconf 87' lang='lat' dir='ltr'><strong>accusatorum</strong></span> <span class='ocrx_word' id='word_1_192' title='bbox 573 3237 709 3302; x_wconf 90' lang='lat' dir='ltr'><strong>nomina</strong></span> <span class='ocrx_word' id='word_1_193' title='bbox 727 3237 932 3302; x_wconf 90' lang='lat' dir='ltr'><strong>sustinerent</strong></span> <span class='ocrx_word' id='word_1_194' title='bbox 948 3241 1054 3303; x_wconf 84' lang='lat' dir='ltr'><strong>maxi·</strong></span> <span class='ocrx_word' id='word_1_195' title='bbox 1083 3253 1109 3294; x_wconf 70' lang='grc' dir='ltr'><strong>ιτ»</strong></span> 
     </span>
     <span class='ocr_line' id='line_1_29' title="bbox 77 3339 1055 3425; baseline 0.005 -23"><span class='ocrx_word' id='word_1_196' title='bbox 77 3360 195 3425; x_wconf 90' lang='lat' dir='ltr'><strong>meque</strong></span> <span class='ocrx_word' id='word_1_197' title='bbox 228 3340 479 3406; x_wconf 89' lang='lat' dir='ltr'><strong>insectarentur</strong></span> <span class='ocrx_word' id='word_1_198' title='bbox 500 3339 668 3405; x_wconf 90' lang='lat' dir='ltr'><strong>Neronem</strong></span> <span class='ocrx_word' id='word_1_199' title='bbox 701 3340 890 3425; x_wconf 84' lang='lat' dir='ltr'><strong>proximum</strong></span> <span class='ocrx_word' id='word_1_200' title='bbox 925 3362 1055 3407; x_wconf 90' lang='lat' dir='ltr'><strong>succes-</strong></span> 
     </span>
     <span class='ocr_line' id='line_1_30' title="bbox 79 3441 1057 3533; baseline 0.006 -28"><span class='ocrx_word' id='word_1_201' title='bbox 79 3441 166 3506; x_wconf 89' lang='lat' dir='ltr'><strong>sioni</strong></span> <span class='ocrx_word' id='word_1_202' title='bbox 195 3449 244 3525; x_wconf 89' lang='lat' dir='ltr'><strong>et,</strong></span> <span class='ocrx_word' id='word_1_203' title='bbox 273 3462 475 3530; x_wconf 90' lang='lat' dir='ltr'><strong>quamquam</strong></span> <span class='ocrx_word' id='word_1_204' title='bbox 501 3442 656 3508; x_wconf 90' lang='lat' dir='ltr'><strong>modesta</strong></span> <span class='ocrx_word' id='word_1_205' title='bbox 679 3443 833 3527; x_wconf 89' lang='lat' dir='ltr'><strong>iuventa,</strong></span> <span class='ocrx_word' id='word_1_206' title='bbox 861 3444 1057 3533; x_wconf 90' lang='lat' dir='ltr'><strong>plerumque</strong></span> 
     </span>
     <span class='ocr_line' id='line_1_31' title="bbox 78 3544 1057 3634; baseline 0.005 -24"><span class='ocrx_word' id='word_1_207' title='bbox 78 3553 192 3610; x_wconf 89' lang='lat' dir='ltr'><strong>tamen</strong></span> <span class='ocrx_word' id='word_1_208' title='bbox 216 3545 298 3631; x_wconf 91' lang='lat' dir='ltr'><strong>quid</strong></span> <span class='ocrx_word' id='word_1_209' title='bbox 318 3547 354 3610; x_wconf 91' lang='lat' dir='ltr'><strong>in</strong></span> <span class='ocrx_word' id='word_1_210' title='bbox 376 3547 646 3632; x_wconf 89' lang='lat' dir='ltr'><strong>praesentiarum</strong></span> <span class='ocrx_word' id='word_1_211' title='bbox 673 3544 877 3613; x_wconf 88' lang='lat' dir='ltr'><strong>conduceret</strong></span> <span class='ocrx_word' id='word_1_212' title='bbox 906 3547 1057 3634; x_wconf 90' lang='lat' dir='ltr'><strong>oblitum,</strong></span> 
     </span>
     <span class='ocr_line' id='line_1_32' title="bbox 81 3646 1058 3736; baseline 0.005 -24"><span class='ocrx_word' id='word_1_213' title='bbox 81 3647 159 3713; x_wconf 91' lang='lat' dir='ltr'><strong>dum</strong></span> <span class='ocrx_word' id='word_1_214' title='bbox 184 3671 204 3713; x_wconf 90' lang='lat' dir='ltr'><strong>a</strong></span> <span class='ocrx_word' id='word_1_215' title='bbox 226 3646 357 3715; x_wconf 86' lang='lat' dir='ltr'><strong>libertis</strong></span> <span class='ocrx_word' id='word_1_216' title='bbox 382 3659 415 3715; x_wconf 88' lang='lat' dir='ltr'><strong>et</strong></span> <span class='ocrx_word' id='word_1_217' title='bbox 439 3647 631 3732; x_wconf 87' lang='lat' dir='ltr'><strong>clientibus,</strong></span> <span class='ocrx_word' id='word_1_218' title='bbox 656 3648 864 3735; x_wconf 87' lang='lat' dir='ltr'><strong>apiscendae</strong></span> <span class='ocrx_word' id='word_1_219' title='bbox 886 3653 1058 3736; x_wconf 87' lang='lat' dir='ltr'><strong>potentiae</strong></span> 
     </span>
    </p>
   </div>
   <div class='ocr_carea' id='block_1_3' title="bbox 0 0 1284 4084">
    <p class='ocr_par' dir='ltr' id='par_1_4' title="bbox 0 0 1284 4084">
     <span class='ocr_line' id='line_1_33' title="bbox 0 0 1284 4084; baseline 0 0"><span class='ocrx_word' id='word_1_220' title='bbox 0 0 1284 4084; x_wconf 95' lang='lat' dir='ltr'><strong> </strong></span> 
     </span>
    </p>
   </div>
  </div>
 </body>
</html>
