2500 4084
221 287 282 353 176
545 287 718 339 ooaranu
738 287 860 338 morri

216 481 376 545 memoria
405 478 559 545 laborum
586 487 619 544 et
646 478 825 546 adversum
859 478 1028 547 eludentis
1064 491 1207 570 optatae

165 597 190 637 1⁵
217 585 341 650 totiens
357 603 491 669 pugnae
507 606 544 649 se
560 584 700 670 quisque
711 583 838 650 ultione
854 593 888 649 et
903 586 1072 668 sanguine
1090 584 1207 671 exple·

217 686 311 753 bant.
337 687 487 753 differtur
501 710 562 774 per
576 687 775 774 manipulos,
797 688 1051 754 Tacfarinatem
1074 711 1206 770 omnes,

216 800 332 856 notum
348 800 398 858 tot
419 790 568 877 proeliis,
592 799 844 857 consectentur:
866 814 933 857 non
957 793 1023 857 nisi
1040 792 1135 860 duce
1159 794 1206 856 in·

217 896 358 961 terfecto
382 897 530 981 requiem
552 895 633 961 belli
656 896 738 963 fore.
762 896 879 962 atille
904 897 1044 964 deiectis
1071 899 1204 962 circum

218 999 438 1084 stipatoribus
461 1001 644 1086 vinctoque
667 1001 736 1064 iam
757 999 827 1065 filio
852 1011 885 1065 et
909 1000 1023 1066 effusis
1046 999 1204 1085 undique

165 1113 190 1153 ²⁰
216 1102 388 1185 Romanis,
411 1102 538 1168 ruendo
564 1104 597 1167 in
620 1103 690 1168 tela
713 1105 949 1189 captivitatem
972 1102 1067 1169 haud
1090 1102 1203 1169 inulta

216 1213 322 1271 morte
346 1207 462 1291 effugit
486 1209 580 1292 isque
601 1207 678 1272 finis
703 1209 806 1273 armis
830 1209 1018 1294 impositus.

320 1308 370 1373 26.
411 1308 613 1376 Dolabellae
646 1313 776 1396 petenti
816 1311 935 1377 abnuit
976 1308 1200 1397 triumphalia

215 1412 379 1497 Tiberius,
404 1412 527 1478 Seiano
551 1413 712 1497 tribuens,
735 1437 779 1480 ne
801 1413 916 1479 Blaesi
939 1414 1104 1480 avunculi
1128 1414 1198 1478 eius

215 1515 289 1582 laus
307 1516 542 1582 obsolesceret.
560 1517 621 1582 sed
635 1538 742 1603 neque
758 1517 900 1584 Blaesus
918 1517 993 1583 ideo
1010 1517 1198 1598 inlustrior,

216 1628 248 1685 et
277 1619 356 1686 huic
390 1629 534 1704 negatus
563 1620 669 1686 honor
698 1620 843 1706 gloriam
871 1621 1035 1687 intendit:
1075 1624 1197 1709 quippe

177 1752 190 1790 s
216 1725 344 1789 minore
375 1726 527 1789 exercitu
556 1725 700 1809 insignis
729 1727 900 1811 captivos,
931 1725 1073 1791 caedem
1102 1724 1197 1790 ducis

213 1825 360 1913 bellique
384 1827 530 1894 confecti
559 1828 683 1893 famam
714 1828 921 1915 deportarat.
966 1828 1198 1916 sequebantur

215 1940 248 1995 et
272 1927 518 1996 Garamantum
550 1930 673 2015 legati,
708 1953 784 1997 raro
814 1934 849 1996 in
877 1932 960 1998 urbe
988 1933 1072 2016 visi,
1112 1953 1196 2018 quos

217 2033 434 2100 Tacfarinate
457 2056 556 2100 caeso
579 2034 734 2121 perculsa
758 2055 841 2118 gens
865 2046 902 2101 ut
925 2035 1046 2122 culpae
1075 2037 1195 2102 nescia

214 2136 259 2201 ad
284 2138 584 2204 satisfaciendum
612 2137 734 2225 populo
757 2140 908 2204 Romano
940 2141 1094 2206 miserat.
1142 2161 1194 2205 eo·

160 2268 187 2307 ro
215 2243 318 2324 gnitis
337 2241 457 2307 dehinc
473 2240 657 2307 Ptolemaei
673 2264 733 2328 per
755 2242 792 2307 id
813 2241 940 2309 bellum
955 2242 1080 2308 studiis
1097 2265 1192 2328 repe·

212 2346 296 2410 titus
321 2367 364 2410 ex
387 2354 520 2412 vetusto
550 2367 641 2411 more
663 2345 767 2410 honos
798 2347 986 2432 missusque
1015 2368 1034 2410 e
1058 2356 1193 2411 senato-

212 2446 314 2530 ribus,
338 2450 395 2534 qui
412 2449 595 2535 scipionem
618 2448 790 2532 eburnum,
814 2458 929 2532 togam
943 2450 1082 2534 pictam,
1107 2453 1193 2517 anti·

213 2574 279 2638 qua
301 2561 434 2637 patrum
461 2575 617 2635 munera,
653 2553 748 2618 daret
782 2573 960 2638 regemque
995 2561 1027 2617 et
1063 2557 1193 2621 socium

213 2666 314 2741 atque
337 2657 482 2722 amicum
505 2656 703 2744 appellaret.

315 2757 367 2825 27.
390 2758 521 2825 Eadem
544 2769 676 2827 aestate
697 2769 789 2826 mota
812 2783 872 2846 per
893 2758 1032 2826 Italiam
1055 2763 1191 2829 servilis
1241 2807 1242 2830 t

211 2862 293 2929 belli
328 2865 456 2930 semina
491 2864 560 2930 fors
595 2866 772 2950 oppressit.
816 2874 936 2931 auctor
964 2864 1133 2932 tumultus
1156 2867 1191 2930 Τ.

212 2964 390 3050 Curtisius,
415 2967 584 3054 quondam
605 2969 796 3054 praetoriae
819 2968 967 3034 cohortis
990 2967 1102 3052 miles,
1127 2973 1191 3056 pri·

211 3091 264 3135 mo
289 3070 441 3137 coetibus
465 3070 688 3136 clandestinis
713 3071 804 3158 apud
826 3071 1046 3136 Brundisium
1069 3083 1106 3138 et
1129 3075 1190 3139 cir·
1240 3073 1241 3078 ’

172 3199 186 3240 s
211 3176 377 3242 cumiecta
401 3174 534 3262 oppida,
557 3197 636 3241 mox
658 3177 776 3261 positis
799 3174 972 3263 propalam
995 3172 1125 3241 libellis
1148 3175 1189 3242 ad

211 3278 403 3346 libertatem
426 3277 574 3344 vocabat
597 3281 747 3363 agrestia
770 3301 831 3366 per
852 3278 1055 3365 longinquos
1080 3279 1186 3346 saltus

212 3391 247 3446 et
267 3382 395 3446 ferocia
426 3383 583 3464 servitia,
617 3405 693 3448 cum
715 3381 808 3448 velut
836 3403 972 3447 munere
996 3380 1098 3450 deum
1121 3393 1185 3450 tres

210 3482 354 3549 biremes
378 3483 538 3570 adpulere
562 3484 607 3550 ad
628 3507 709 3551 usus
726 3487 985 3552 commeantium
1007 3484 1067 3552 illo
1091 3489 1184 3555 mari.

214 3590 246 3646 et
276 3596 348 3650 erat
376 3585 483 3650 isdem
510 3587 704 3670 regionibus
727 3585 846 3655 Cutius
868 3587 985 3675 Lupus
1016 3601 1183 3676 quaestor,

1229 3719 1239 4037 l
