2552 4084
230 282 273 348 64
585 283 759 336 CORNELII
777 285 899 337 raom

230 473 327 543 dibus
351 475 477 542 ferrent
500 472 775 562 reddendamque
791 479 939 561 gratiam
962 479 998 542 in
1021 477 1097 541 acie
1121 476 1201 542 fatc-

228 589 361 664 rentur,
396 579 493 648 simul
527 581 673 668 perfidos
707 581 820 646 hostes
855 590 889 646 et
922 590 1077 666 ruptores
1113 582 1202 666 pacis

227 683 348 750 ultioni
373 694 406 751 et
429 683 558 770 gloriae
572 685 784 750 mactandos.
818 687 906 750 inter
929 705 1015 770 quae
1041 707 1130 748 unus
1152 684 1203 749 ho·

176 795 202 838 ¹⁰
229 789 339 871 stium,
360 787 508 854 Latinae
520 787 657 873 linguae
677 791 797 872 sciens,
825 799 902 854 acto
920 787 965 852 ad
979 787 1108 853 vallum
1125 810 1202 874 equo

227 912 310 958 voco
326 911 450 976 magna
474 893 633 976 coniuges
659 903 692 958 et
706 913 807 976 agros
832 903 865 958 et
881 891 1040 978 stipendii
1064 893 1100 956 in
1125 891 1203 972 dies,

228 992 334 1062 donec
350 993 543 1077 bellaretur,
568 998 742 1062 sestertios
760 1005 929 1077 centenos,
953 997 983 1059 si
1006 997 1080 1080 quis
1097 1006 1204 1060 trans·

227 1096 387 1182 fugisset,
411 1097 556 1164 Arminii
589 1099 724 1164 nomine
746 1098 935 1184 pollicetur.
981 1097 1137 1163 incendit
1167 1119 1204 1162 ea

227 1199 431 1267 contumelia
468 1201 639 1287 legionum
673 1203 759 1267 iras:
793 1203 924 1267 veniret
948 1200 1030 1283 dies,
1067 1200 1204 1266 daretur

174 1327 200 1372 rs
226 1323 357 1390 pugna3
397 1314 604 1391 sumpturum
637 1305 779 1371 militem
813 1302 1058 1370 Germanorum
1092 1325 1204 1388 agros,

225 1417 412 1476 tracturum
435 1410 612 1494 coniuges3
636 1401 789 1495 accipere
813 1431 908 1474 omen
932 1417 964 1473 et
988 1409 1204 1473 matrimonia

226 1531 266 1576 ao
301 1513 463 1598 pecunias
496 1511 642 1578 hostium
680 1512 829 1600 praedae
865 1513 1047 1577 destinare.
1101 1513 1204 1576 tertia

225 1613 328 1684 ferme
349 1613 469 1700 vigilia
494 1615 701 1682 adsultatum
725 1626 776 1681 est
799 1618 922 1682 castris
947 1618 1020 1682 sine
1043 1617 1205 1682 coniectu

224 1717 294 1802 toli,
317 1728 494 1807 postquam
510 1718 647 1785 crebras
670 1742 729 1806 pro
753 1722 967 1786 munimentis
991 1720 1151 1786 cohortes
1175 1728 1206 1785 et

172 1847 198 1890 ro
225 1819 311 1888 nihil
333 1823 510 1889 remissum
535 1843 680 1888 sensere.

330 1923 379 1990 14.
407 1925 484 1992 Nox
519 1925 636 1992 eadem
670 1924 796 1991 laetam
830 1924 1034 1993 Germanico
1057 1930 1205 2014 quietem

225 2027 319 2114 tulit,
342 2027 494 2117 viditque
518 2051 553 2094 se
576 2015 750 2116 operatum
774 2038 807 2095 et
831 2033 997 2116 sanguine
1026 2053 1127 2096 sacro
1156 2055 1205 2096 re-

225 2153 342 2218 spersa
364 2141 543 2219 praetexta
564 2132 789 2219 pulchriorem
812 2133 917 2199 aliam
931 2133 1087 2199 manibus
1104 2136 1205 2198 aviae

224 2233 400 2321 Augustae
434 2237 618 2321 accepisse.
664 2246 783 2301 auctus
807 2239 928 2321 omine,
962 2236 1203 2302 addicentibus

185 2361 197 2404 a
224 2339 396 2426 auspiciis,
419 2349 521 2406 vocat
544 2341 737 2405 contionem
761 2349 794 2405 et
818 2361 904 2427 quae
934 2341 1103 2426 sapientia
1126 2361 1203 2426 pro·

222 2443 298 2508 visa
322 2452 468 2530 aptaque
492 2444 670 2509 inminenti
692 2465 827 2530 pugnae
852 2443 998 2510 disserit.
1021 2464 1090 2508 non
1113 2465 1203 2509 cam-

223 2567 283 2634 pos
305 2545 404 2612 modo
428 2546 528 2612 militi
550 2547 702 2613 Romano
726 2548 772 2612 ad
794 2547 958 2634 proelium
979 2546 1106 2629 bonos,
1143 2546 1203 2612 sed

224 2649 252 2714 si
275 2651 362 2715 ratio
386 2648 488 2735 adsit,
512 2650 617 2718 silvas
642 2661 675 2717 et
698 2650 822 2734 saltus3
843 2672 906 2716 nec
935 2651 1024 2716 enim
1048 2652 1202 2716 inmensa

222 2751 445 2819 barbarorum
474 2764 588 2839 scuta,
618 2757 763 2822 enormis
786 2755 903 2820 hastas
937 2755 1028 2820 inter
1061 2763 1201 2819 truncos

171 2879 197 2921 xo
223 2854 380 2922 arborum
413 2866 445 2922 et
470 2868 571 2924 enata
601 2858 699 2923 humo
722 2857 873 2942 virgulta
907 2856 1046 2944 perinde
1079 2855 1200 2922 haberi

223 2980 322 3046 quam
345 2957 415 3046 pila
432 2969 464 3026 et
488 2959 621 3045 gladios
638 2971 672 3026 et
687 2959 865 3026 haerentia
889 2962 1020 3046 corpori
1037 2962 1200 3044 tegmina.

223 3061 404 3128 denserent
428 3065 524 3148 ictus,
561 3084 620 3130 ora
642 3062 858 3129 mucronibus
882 3073 1098 3148 quaererent:
1133 3086 1199 3129 non

221 3163 361 3231 loricam
385 3163 569 3250 Germano,
596 3189 664 3233 non
695 3166 843 3252 galeam,
866 3188 909 3231 ne
939 3175 1035 3231 scuta
1064 3165 1200 3251 quidem

220 3269 307 3334 ferro
344 3291 491 3334 nervove
523 3270 673 3354 firmata,
710 3269 770 3335 sed
803 3270 964 3334 viminum
997 3277 1112 3333 textus
1147 3270 1199 3334 vel

170 3395 195 3434 rs
221 3374 330 3437 tenuis
348 3381 380 3436 et
403 3372 535 3438 fucatas
555 3372 667 3438 colors
689 3372 842 3457 tabulas3
864 3374 1006 3458 primam
1020 3382 1199 3458 utcumque
1257 3317 1258 3410 l

222 3477 329 3540 aciem
351 3475 534 3560 hastatum,
557 3477 679 3542 cetaria
702 3484 863 3561 praeusta
894 3485 953 3542 aut
974 3475 1094 3542 brevia
1115 3475 1196 3542 tela.
1257 3467 1258 3542 Ῠ

221 3577 289 3642 iam
312 3598 432 3664 corpus
455 3588 493 3643 ut
508 3580 583 3643 visu
605 3589 738 3646 torvum
761 3587 794 3644 et
818 3578 863 3644 ad
880 3577 1018 3648 brevem
1040 3581 1198 3666 impetum
1257 3563 1258 3594 ¹
