2500 4084
256 311 303 362 AB
320 308 662 362 Excnssu·nnousn1
680 310 727 360 1v.
747 311 858 362 37-40.
968 308 1043 376 ,185

68 501 307 570 insatiabiliter
322 500 522 588 parandum,
545 523 742 589 prosperam
766 501 817 584 sui
832 501 1043 585 memoriam,

67 631 142 674 uam
165 615 360 692 contemptu
383 605 494 672 famae
517 607 688 672 contemni
710 606 865 671 virtutes.
1070 635 1096 676 25

167 709 220 776 39.
243 710 289 776 At
306 710 449 776 Seianus
465 712 570 777 nimia
585 711 721 777 fortuna
740 732 855 776 socors
880 717 913 774 et
928 707 1043 786 mulie-

65 816 115 882 bri
137 818 277 902 insuper
305 815 462 901 cupidine
496 815 671 897 incensus,
700 816 900 901 promissum
927 815 1043 878 matri-

66 922 215 986 monium
236 918 414 1003 flagitante
441 918 560 1001 Livia,
591 920 759 1005 componit
789 918 834 984 ad
863 915 1044 984 Osesarem

64 1021 265 1105 codicillos:¹
278 1023 380 1087 moris
404 1023 525 1109 quippe
547 1031 618 1088 tum
634 1031 707 1088 erat
731 1043 933 1108 quemquam
947 1043 1043 1107 prae-

64 1136 193 1194 sentem
218 1128 342 1213 scripto
367 1124 471 1191 adire.
502 1127 573 1191 eius
596 1123 677 1191 talis
700 1125 807 1192 forms
833 1125 912 1190 fuit:
942 1124 1042 1191 bene·
1070 1159 1082 1200 5

62 1231 215 1297 volentia
242 1231 350 1317 patris
379 1227 524 1313 Augusti
555 1239 587 1294 et
623 1251 703 1294 mox
730 1227 884 1314 plurimis
913 1226 1042 1294 Tiberii

64 1333 200 1400 iudiciis
230 1334 278 1399 ita
302 1334 506 1416 insuevisse,
538 1342 575 1399 ut
606 1354 682 1418 spes
705 1342 853 1418 votaque
883 1354 945 1396 sua
974 1354 1042 1398 non

62 1437 155 1522 prius
179 1436 225 1502 ad
249 1436 328 1503 deos
352 1457 452 1522 quam
476 1436 520 1503 ad
535 1437 726 1523 principum
742 1458 840 1501 eures
865 1436 1042 1502 conferret.

63 1563 171 1627 neque
200 1538 364 1623 fulgorem
391 1538 554 1605 honorum
582 1560 740 1625 umquam
772 1548 962 1625 precatum:
985 1561 1042 1605 ex·

63 1644 181 1710 cubias
205 1641 420 1726 adlabores,
454 1653 493 1709 ut
514 1665 617 1709 unum
646 1642 866 1726 emilitibus,
902 1664 963 1729 pro
992 1645 1041 1708 in·
1070 1679 1095 1718 10

63 1746 260 1814 columitate
301 1748 513 1832 imperatoris
560 1745 671 1812 malle.
717 1768 757 1811 ac
795 1756 909 1811 tomen
953 1746 1043 1834 quod

62 1851 324 1938 pulcherrimum
346 1848 521 1936 adeptum,
555 1858 592 1914 ut
623 1851 861 1916 coniunctione
884 1847 1041 1914 Caesaris

64 1955 187 2040 dignus
210 1954 421 2020 crederetur:
443 1953 524 2019 hinc
548 1954 683 2020 initium
706 1955 788 2040 spei.
828 1962 861 2018 et
884 1955 1042 2039 quoniam

62 2058 235 2124 audiverit
257 2057 448 2142 Augustum
471 2059 506 2122 in
529 2056 741 2124 conlocanda
773 2056 844 2122 filia
867 2078 934 2122 non
957 2056 1042 2123 nihil

63 2163 167 2226 etiam
192 2160 233 2227 de
257 2160 425 2247 equitibus
447 2161 607 2226 Romanis
639 2159 897 2244 consultavisso,
921 2162 986 2243 ita,
1012 2161 1041 2224 si
1068 2196 1094 2236 15

62 2267 203 2332 maritus
218 2264 342 2330 Liviae
365 2273 593 2352 quaereretur,
615 2263 757 2330 heberet
780 2265 942 2329 inanimo
960 2261 1042 2329 ami·

63 2391 138 2436 cnm
162 2368 236 2435 sola
258 2367 523 2436 necessitudinis
548 2367 657 2452 gloria
680 2390 827 2432 usurum.
862 2387 930 2433 non
954 2368 1042 2433 enim

63 2469 188 2540 ex‘uere
224 2473 370 2559 inposita
404 2473 536 2538 munia:
574 2473 658 2538 satis
700 2472 882 2536 aestimare
915 2470 1042 2536 firmari

64 2578 197 2644 domum
226 2577 407 2643 adversum
436 2577 568 2662 iniquas
591 2573 802 2661 Agrippinae
831 2573 1041 2657 offensiones,

62 2681 163 2767 idque
185 2678 369 2746 liberorum
384 2701 504 2762 causa,
527 2701 607 2744 nam
630 2676 697 2743 sibi
718 2676 860 2742 multum
871 2661 1041 2764 'superque
1068 2713 1093 2752 20

64 2785 155 2850 vitae
179 2784 259 2868 fore,
283 2783 373 2870 quod
395 2782 457 2850 tali
481 2803 558 2849 cum
580 2782 734 2868 principe
759 2779 975 2866 explevisset.

165 2884 217 2951 40.
240 2884 295 2953 Ad
329 2909 370 2952 ea
399 2885 554 2952 Tiberius
588 2884 728 2950 laudata
763 2885 891 2969 pietate
925 2881 1041 2950 Seiani

64 2994 199 3077 suisque
222 2991 257 3055 in
287 3013 362 3056 eum
390 2988 564 3056 beneficiis
591 2987 723 3055 modice
755 2988 936 3073 percursis,
966 3009 1041 3052 cum

64 3106 195 3182 tempus
219 3104 391 3181 tamquam
422 3093 467 3159 ad
490 3095 658 3177 integram
681 3091 963 3172 consultationem
985 3113 1040 3176 pe-

63 3201 209 3282 tivisset,
233 3197 406 3262 adiunxit:
441 3198 563 3263 ceteris
585 3195 785 3263 mortalibus
815 3195 850 3260 in
880 3215 918 3258 eo
949 3202 1040 3259 stare

64 3299 224 3386 consilia,
259 3300 339 3388 quid
367 3300 434 3366 sibi
463 3299 651 3366 oonduoers
684 3307 818 3386 putent3
852 3299 1041 3385 principum
1067 3328 1079 3368 5

6 3475 7 3500 ἦ
65 3407 234 3472 diversam
257 3426 331 3471 esse
355 3413 489 3488 sortem,
512 3402 632 3491 quibus
654 3401 838 3488 praecipua
861 3423 972 3466 rerum
995 3399 1040 3465 ad

6 3523 7 3546 ³
63 3510 186 3576 famam
217 3507 412 3593 derigenda.
457 3505 533 3571 ideo
566 3528 602 3570 se
634 3527 702 3571 non
736 3503 816 3570 illuo
852 3503 1039 3586 decurrere,

6 3639 7 3706 ᾗ
65 3612 152 3700 quod
173 3621 362 3698 promptum
376 3611 553 3695 rescriptu,
575 3630 675 3695 posse
690 3610 798 3695 ipsam
812 3606 948 3674 Liviam
972 3614 1039 3670 sta·
