2534 4084
212 269 254 332 22
537 271 711 322 CORNELII
729 272 851 322 Tscffl

161 478 187 531 ¹9
213 481 291 526 cum
311 459 372 526 alii
394 459 616 547 opperiendos
647 461 780 546 legatos
804 472 905 549 atque
929 464 1064 530 interim
1087 466 1214 529 comi·

214 575 285 638 tate
307 564 581 652 permulcendum
603 564 743 631 militem
766 578 954 650 censerent,
983 565 1043 632 alii
1073 567 1213 633 fortio·

212 669 305 734 ribus
329 668 485 736 remediis
509 669 694 754 agendum:
716 669 800 734 nihil
824 671 857 734 in
880 669 982 756 vulgo
1003 671 1214 754 modicum3

214 783 349 855 terrere,
373 775 409 838 ni
424 782 591 858 paveant3
612 772 671 838 ubi
693 775 937 858 pertimuerint,
961 777 1083 861 inpune
1111 798 1209 840 con-

214 877 332 941 temni:
357 875 435 941 dum
458 878 651 962 superstitio
668 887 798 962 urgeat,
823 876 1021 945 adiciendos
1044 879 1213 944 exduce
1259 959 1260 966 ἵ

163 1011 188 1051 15
213 989 320 1045 metus
344 979 488 1046 sublatis
505 980 680 1046 seditionis
705 981 910 1046 auctoribus.
934 993 1131 1067 promptum
1160 982 1213 1047 ad

214 1085 386 1168 asperiora
403 1085 574 1168 ingenium
588 1083 700 1148 Druso
718 1094 808 1150 erat:
831 1095 972 1150 vocatos
988 1084 1213 1152 Vibulenum

215 1197 248 1251 et
280 1186 501 1253 Percennium
538 1188 682 1252 interfici
716 1186 818 1252 iubet.
862 1188 1002 1253 tradunt
1039 1186 1212 1274 plerique

216 1292 305 1356 intra
343 1289 599 1356 tabernaculum
637 1290 732 1356 ducis
768 1289 916 1376 obrutos,
950 1290 1011 1356 alii
1044 1313 1208 1378 corpora

216 1405 314 1460 extra
337 1393 464 1460 vallum
487 1394 623 1460 abiecta
647 1396 803 1460 ostentui.

319 1493 369 1562 30.
394 1497 479 1564 Tum
501 1509 537 1564 ut
552 1500 691 1585 quisque
714 1500 915 1584 praecipuus
939 1498 1091 1564 turbator
1115 1520 1208 1562 con-

215 1603 340 1688 quisiti,
364 1613 398 1668 et
419 1625 509 1688 pars,
534 1612 633 1668 extra
655 1613 771 1667 castra
794 1601 962 1687 palantes,
986 1626 1006 1667 a
1023 1603 1206 1666 centurio·

214 1705 314 1770 nibus
338 1717 396 1772 aut
418 1708 663 1791 praetoriarum
685 1704 873 1770 cohortium
895 1704 1058 1770 militibus
1081 1706 1206 1769 caesi:

216 1807 380 1894 quosdam
402 1811 467 1894 ipsi
482 1808 646 1894 manipuli
663 1809 898 1876 documentum
912 1809 993 1876 fidei
1009 1807 1204 1875 tradidere.

177 1933 191 1973 s
217 1923 362 1978 auxerat
376 1911 518 1978 militum
540 1933 639 1978 curas
662 1922 877 1998 praematura
899 1912 1006 1978 hiems
1029 1910 1204 1977 imbribus

218 2017 386 2081 continuis
411 2014 561 2103 adeoque
585 2019 708 2099 saevis,
742 2026 869 2082 utnon
893 2014 1011 2099 egredi
1034 2018 1202 2095 tentoria,

217 2142 284 2186 non
308 2122 510 2204 congregari
533 2121 621 2186 inter
644 2141 690 2203 se,
715 2121 773 2184 vix
795 2121 898 2184 tutari
922 2121 1021 2202 signa
1044 2129 1204 2203 possent,

220 2239 311 2310 quae¹
328 2222 462 2288 turbine
485 2234 586 2310 atque
607 2222 700 2288 unde
722 2220 957 2308 raptabantur.
982 2219 1131 2286 durabat
1165 2233 1203 2286 et

218 2324 361 2392 formido
377 2325 536 2393 caelestis
561 2328 642 2410 irae,
665 2348 728 2392 nec
751 2327 877 2391 frustra
893 2325 1057 2392 adversus
1074 2325 1203 2408 impios

168 2451 193 2490 ιο
219 2429 400 2495 hebescere
424 2429 553 2512 sidera,
590 2452 686 2496 ruere
724 2439 957 2515 tempestates:
995 2449 1062 2494 non
1099 2425 1203 2492 aliud

219 2532 383 2598 malorum
405 2532 645 2616 levamentum,
670 2534 821 2619 quamsi
854 2531 1045 2619 linquerent
1078 2542 1202 2596 castra

220 2636 368 2701 infausta
392 2646 621 2723 temerataque
644 2648 677 2702 et
700 2636 801 2702 soluti
816 2635 950 2722 piaculo
970 2638 1039 2702 suis
1055 2636 1202 2722 quisque
1262 2601 1264 2696 l

220 2738 369 2804 hibernis
392 2737 625 2806 redderentur.
648 2743 790 2827 primum
812 2751 946 2823 octava,
977 2739 1054 2806 dein
1078 2739 1201 2825 quinta

222 2842 361 2908 decuma
384 2840 473 2926 legio
489 2841 635 2908 rediere:
658 2866 812 2910 nonanus
829 2842 1052 2929 opperiendos
1066 2840 1202 2906 Tiberii

170 2969 196 3008 rs
223 2944 385 3032 epistulas
402 2945 650 3030 clamitaverat,
672 2969 752 3012 mox
775 2945 946 3012 desolatus
970 2944 1113 3011 aliorum
1128 2943 1200 3010 dis·

222 3051 376 3115 cessione
392 3051 609 3115 inminentem
623 3052 864 3116 necessitatem
879 3060 998 3136 sponte
1010 3051 1200 3135 praevenit.

224 3165 257 3220 et
273 3153 403 3220 Drusus
419 3176 485 3218 non
504 3165 700 3238 exspectato
724 3153 913 3239 legatorum
928 3174 1096 3238 regressu,
1119 3153 1200 3236 quio

223 3259 417 3343 praesentia
441 3258 524 3322 satis
548 3257 784 3342 consederant,
808 3259 843 3322 in
866 3257 983 3323 urbem
1005 3255 1117 3321 rediit.

326 3359 378 3426 31.
400 3359 515 3426 Isdem
546 3361 650 3426 fenne
684 3358 801 3425 diebus
836 3359 944 3425 isdem
977 3360 1091 3424 causis
1115 3355 1198 3423 Ger-

224 3466 380 3530 manicae
402 3463 553 3548 legiones
583 3463 757 3546 turbatae,
785 3474 911 3551 quanto
943 3462 1072 3549 plures,
1102 3472 1197 3527 tanto

224 3567 415 3650 violentius,
432 3577 465 3631 et
480 3586 605 3650 magna
621 3589 680 3652 spe
691 3565 762 3632 fore
778 3578 815 3633 ut
832 3565 1055 3632 Germanicus
1071 3563 1198 3632 Caesar
