<?xml version="1.0" encoding="UTF-8"?>
<!DOCTYPE html PUBLIC "-//W3C//DTD XHTML 1.0 Transitional//EN"
    "http://www.w3.org/TR/xhtml1/DTD/xhtml1-transitional.dtd">
<html xmlns="http://www.w3.org/1999/xhtml" xml:lang="en" lang="en">
 <head>
  <title>
</title>
<meta http-equiv="Content-Type" content="text/html;charset=utf-8" />
  <meta name='ocr-system' content='tesseract 3.04.00' />
  <meta name='ocr-capabilities' content='ocr_page ocr_carea ocr_par ocr_line ocrx_word'/>
</head>
<body>
  <div class='ocr_page' id='page_1' title='image "./corneliitacitia03tacigoog_0199.png"; bbox 0 0 2530 4084; ppageno 0'>
   <div class='ocr_carea' id='block_1_1' title="bbox 200 304 838 374">
    <p class='ocr_par' dir='ltr' id='par_1_1' title="bbox 200 304 838 374">
     <span class='ocr_line' id='line_1_1' title="bbox 200 304 838 374; baseline -0.034 0"><span class='ocrx_word' id='word_1_1' title='bbox 200 308 260 374; x_wconf 84' lang='grc'><strong>156</strong></span> <span class='ocrx_word' id='word_1_2' title='bbox 524 304 698 356; x_wconf 78' lang='lat' dir='ltr'><strong>oonsnnu</strong></span> <span class='ocrx_word' id='word_1_3' title='bbox 715 305 838 355; x_wconf 71' lang='lat' dir='ltr'><strong>rioms</strong></span> 
     </span>
    </p>
   </div>
   <div class='ocr_carea' id='block_1_2' title="bbox 158 497 1190 792">
    <p class='ocr_par' dir='ltr' id='par_1_2' title="bbox 158 497 1190 792">
     <span class='ocr_line' id='line_1_2' title="bbox 196 497 1190 588; baseline -0.006 -22"><span class='ocrx_word' id='word_1_4' title='bbox 196 501 340 588; x_wconf 90' lang='lat' dir='ltr'><strong>pecunia</strong></span> <span class='ocrx_word' id='word_1_5' title='bbox 368 499 518 564; x_wconf 87' lang='lat' dir='ltr'><strong>firmaret</strong></span> <span class='ocrx_word' id='word_1_6' title='bbox 553 507 762 584; x_wconf 89' lang='lat' dir='ltr'><strong>ornaretque.</strong></span> <span class='ocrx_word' id='word_1_7' title='bbox 798 506 872 563; x_wconf 88' lang='lat' dir='ltr'><strong>erat</strong></span> <span class='ocrx_word' id='word_1_8' title='bbox 907 499 1011 562; x_wconf 89' lang='lat' dir='ltr'><strong>etiam</strong></span> <span class='ocrx_word' id='word_1_9' title='bbox 1039 505 1119 562; x_wconf 91' lang='lat' dir='ltr'><strong>tum</strong></span> <span class='ocrx_word' id='word_1_10' title='bbox 1154 497 1190 560; x_wconf 93' lang='lat' dir='ltr'><strong>in</strong></span> 
     </span>
     <span class='ocr_line' id='line_1_3' title="bbox 197 601 1188 690; baseline -0.006 -20"><span class='ocrx_word' id='word_1_11' title='bbox 197 627 288 670; x_wconf 91' lang='lat' dir='ltr'><strong>more</strong></span> <span class='ocrx_word' id='word_1_12' title='bbox 309 602 446 690; x_wconf 91' lang='lat' dir='ltr'><strong>publica</strong></span> <span class='ocrx_word' id='word_1_13' title='bbox 468 601 716 684; x_wconf 78' lang='lat' dir='ltr'><strong>munificentia3</strong></span> <span class='ocrx_word' id='word_1_14' title='bbox 738 623 802 668; x_wconf 88' lang='lat' dir='ltr'><strong>nec</strong></span> <span class='ocrx_word' id='word_1_15' title='bbox 818 601 993 685; x_wconf 88' lang='lat' dir='ltr'><strong>Augustus</strong></span> <span class='ocrx_word' id='word_1_16' title='bbox 1018 610 1188 666; x_wconf 83' lang='lat' dir='ltr'>arcuerat</span> 
     </span>
     <span class='ocr_line' id='line_1_4' title="bbox 158 703 1187 792; baseline -0.004 -20"><span class='ocrx_word' id='word_1_17' title='bbox 158 732 171 772; x_wconf 84' lang='lat'><strong>5</strong></span> <span class='ocrx_word' id='word_1_18' title='bbox 197 708 354 790; x_wconf 80' lang='lat' dir='ltr'><strong>Taurum,</strong></span> <span class='ocrx_word' id='word_1_19' title='bbox 377 704 582 792; x_wconf 87' lang='lat' dir='ltr'>Philippum,</span> <span class='ocrx_word' id='word_1_20' title='bbox 606 703 750 769; x_wconf 84' lang='lat' dir='ltr'>Balbum</span> <span class='ocrx_word' id='word_1_21' title='bbox 773 703 914 770; x_wconf 81' lang='lat' dir='ltr'>hostiles</span> <span class='ocrx_word' id='word_1_22' title='bbox 944 704 1089 769; x_wconf 89' lang='lat' dir='ltr'><strong>exuvias</strong></span> <span class='ocrx_word' id='word_1_23' title='bbox 1125 713 1187 768; x_wconf 87' lang='lat' dir='ltr'><strong>aut</strong></span> 
     </span>
    </p>
   </div>
   <div class='ocr_carea' id='block_1_3' title="bbox 144 807 1258 3687">
    <p class='ocr_par' dir='ltr' id='par_1_3' title="bbox 144 807 1258 2658">
     <span class='ocr_line' id='line_1_5' title="bbox 197 807 1188 894; baseline -0.004 -18"><span class='ocrx_word' id='word_1_24' title='bbox 197 809 401 876; x_wconf 87' lang='lat' dir='ltr'><strong>exundantis</strong></span> <span class='ocrx_word' id='word_1_25' title='bbox 436 829 515 894; x_wconf 90' lang='lat' dir='ltr'><strong>opes</strong></span> <span class='ocrx_word' id='word_1_26' title='bbox 551 817 706 873; x_wconf 90' lang='lat' dir='ltr'><strong>ornatum</strong></span> <span class='ocrx_word' id='word_1_27' title='bbox 741 807 786 871; x_wconf 90' lang='lat' dir='ltr'><strong>ad</strong></span> <span class='ocrx_word' id='word_1_28' title='bbox 809 807 902 872; x_wconf 89' lang='lat' dir='ltr'><strong>urbis</strong></span> <span class='ocrx_word' id='word_1_29' title='bbox 938 818 971 872; x_wconf 92' lang='lat' dir='ltr'><strong>et</strong></span> <span class='ocrx_word' id='word_1_30' title='bbox 1004 816 1188 893; x_wconf 89' lang='lat' dir='ltr'><strong>posterum</strong></span> 
     </span>
     <span class='ocr_line' id='line_1_6' title="bbox 194 909 1254 1006; baseline -0.002 -28"><span class='ocrx_word' id='word_1_31' title='bbox 194 913 341 1006; x_wconf 66' lang='lat' dir='ltr'><strong>=gloriam</strong></span> <span class='ocrx_word' id='word_1_32' title='bbox 357 911 518 978; x_wconf 89' lang='lat' dir='ltr'><strong>conferre.</strong></span> <span class='ocrx_word' id='word_1_33' title='bbox 542 932 605 997; x_wconf 92' lang='lat' dir='ltr'><strong>quo</strong></span> <span class='ocrx_word' id='word_1_34' title='bbox 623 920 693 976; x_wconf 90' lang='lat' dir='ltr'><strong>tum</strong></span> <span class='ocrx_word' id='word_1_35' title='bbox 709 910 860 997; x_wconf 89' lang='lat' dir='ltr'><strong>exemplo</strong></span> <span class='ocrx_word' id='word_1_36' title='bbox 877 909 1039 996; x_wconf 84' lang='lat' dir='ltr'>Lepidus,</span> <span class='ocrx_word' id='word_1_37' title='bbox 1064 934 1187 998; x_wconf 86' lang='lat' dir='ltr'><strong>qnam·</strong></span> <span class='ocrx_word' id='word_1_38' title='bbox 1253 971 1254 988; x_wconf 63' lang='grc'>,</span> 
     </span>
     <span class='ocr_line' id='line_1_7' title="bbox 197 1013 1187 1103; baseline -0.004 -21"><span class='ocrx_word' id='word_1_39' title='bbox 197 1039 297 1103; x_wconf 92' lang='lat' dir='ltr'><strong>quam</strong></span> <span class='ocrx_word' id='word_1_40' title='bbox 319 1016 482 1102; x_wconf 88' lang='lat' dir='ltr'><strong>pecuniae</strong></span> <span class='ocrx_word' id='word_1_41' title='bbox 504 1013 666 1097; x_wconf 90' lang='lat' dir='ltr'><strong>modicus,</strong></span> <span class='ocrx_word' id='word_1_42' title='bbox 690 1016 819 1080; x_wconf 87' lang='lat' dir='ltr'><strong>avitum</strong></span> <span class='ocrx_word' id='word_1_43' title='bbox 843 1014 944 1080; x_wconf 89' lang='lat' dir='ltr'><strong>decus</strong></span> <span class='ocrx_word' id='word_1_44' title='bbox 960 1013 1122 1080; x_wconf 87' lang='lat' dir='ltr'><strong>recoluit.</strong></span> <span class='ocrx_word' id='word_1_45' title='bbox 1149 1023 1187 1079; x_wconf 88' lang='lat' dir='ltr'><strong>at</strong></span> 
     </span>
     <span class='ocr_line' id='line_1_8' title="bbox 194 1116 1185 1206; baseline -0.004 -20"><span class='ocrx_word' id='word_1_46' title='bbox 194 1121 331 1206; x_wconf 85' lang='lat' dir='ltr'><strong>Pompei</strong></span> <span class='ocrx_word' id='word_1_47' title='bbox 365 1119 535 1184; x_wconf 82' lang='lat' dir='ltr'><strong>theatrum</strong></span> <span class='ocrx_word' id='word_1_48' title='bbox 569 1119 647 1202; x_wconf 85' lang='lat' dir='ltr'>igne</span> <span class='ocrx_word' id='word_1_49' title='bbox 681 1118 819 1183; x_wconf 87' lang='lat' dir='ltr'><strong>fortuito</strong></span> <span class='ocrx_word' id='word_1_50' title='bbox 854 1118 1013 1183; x_wconf 88' lang='lat' dir='ltr'><strong>haustum</strong></span> <span class='ocrx_word' id='word_1_51' title='bbox 1048 1116 1185 1183; x_wconf 83' lang='lat' dir='ltr'><strong>Caesar</strong></span> 
     </span>
     <span class='ocr_line' id='line_1_9' title="bbox 144 1220 1184 1307; baseline -0.004 -17"><span class='ocrx_word' id='word_1_52' title='bbox 144 1250 170 1291; x_wconf 82' lang='grc' dir='ltr'><strong>ιο</strong></span> <span class='ocrx_word' id='word_1_53' title='bbox 197 1232 447 1304; x_wconf 82' lang='lat' dir='ltr'><strong>exstructurum</strong></span> <span class='ocrx_word' id='word_1_54' title='bbox 467 1220 639 1307; x_wconf 84' lang='lat' dir='ltr'><strong>pollicitus</strong></span> <span class='ocrx_word' id='word_1_55' title='bbox 665 1232 725 1304; x_wconf 91' lang='lat' dir='ltr'><strong>est,</strong></span> <span class='ocrx_word' id='word_1_56' title='bbox 750 1243 787 1286; x_wconf 89' lang='lat' dir='ltr'><strong>eo</strong></span> <span class='ocrx_word' id='word_1_57' title='bbox 812 1221 902 1306; x_wconf 92' lang='lat' dir='ltr'><strong>quod</strong></span> <span class='ocrx_word' id='word_1_58' title='bbox 917 1243 1015 1286; x_wconf 89' lang='lat' dir='ltr'><strong>nemo</strong></span> <span class='ocrx_word' id='word_1_59' title='bbox 1039 1245 1059 1286; x_wconf 92' lang='lat' dir='ltr'><strong>e</strong></span> <span class='ocrx_word' id='word_1_60' title='bbox 1082 1223 1184 1288; x_wconf 87' lang='lat' dir='ltr'><strong>fami-</strong></span> 
     </span>
     <span class='ocr_line' id='line_1_10' title="bbox 196 1324 1183 1408; baseline -0.002 -16"><span class='ocrx_word' id='word_1_61' title='bbox 196 1327 242 1392; x_wconf 94' lang='lat' dir='ltr'><strong>lia</strong></span> <span class='ocrx_word' id='word_1_62' title='bbox 265 1325 487 1392; x_wconf 89' lang='lat' dir='ltr'><strong>restaurando</strong></span> <span class='ocrx_word' id='word_1_63' title='bbox 512 1324 690 1408; x_wconf 89' lang='lat' dir='ltr'><strong>sufficeret,</strong></span> <span class='ocrx_word' id='word_1_64' title='bbox 722 1334 881 1390; x_wconf 88' lang='lat' dir='ltr'><strong>manente</strong></span> <span class='ocrx_word' id='word_1_65' title='bbox 904 1336 1018 1390; x_wconf 89' lang='lat' dir='ltr'><strong>tamen</strong></span> <span class='ocrx_word' id='word_1_66' title='bbox 1041 1328 1183 1392; x_wconf 92' lang='lat' dir='ltr'><strong>nomine</strong></span> 
     </span>
     <span class='ocr_line' id='line_1_11' title="bbox 195 1426 1182 1516; baseline -0.003 -20"><span class='ocrx_word' id='word_1_67' title='bbox 195 1431 340 1515; x_wconf 85' lang='lat' dir='ltr'><strong>Pompei.</strong></span> <span class='ocrx_word' id='word_1_68' title='bbox 365 1428 459 1494; x_wconf 91' lang='lat' dir='ltr'><strong>simul</strong></span> <span class='ocrx_word' id='word_1_69' title='bbox 484 1427 640 1493; x_wconf 85' lang='lat' dir='ltr'><strong>laudibus</strong></span> <span class='ocrx_word' id='word_1_70' title='bbox 665 1426 824 1494; x_wconf 84' lang='lat' dir='ltr'><strong>Seianum</strong></span> <span class='ocrx_word' id='word_1_71' title='bbox 847 1427 980 1512; x_wconf 91' lang='lat' dir='ltr'><strong>extulit,</strong></span> <span class='ocrx_word' id='word_1_72' title='bbox 1004 1439 1182 1516; x_wconf 82' lang='lat' dir='ltr'><strong>tamquam</strong></span> 
     </span>
     <span class='ocr_line' id='line_1_12' title="bbox 196 1531 1180 1618; baseline 0 -20"><span class='ocrx_word' id='word_1_73' title='bbox 196 1534 312 1599; x_wconf 88' lang='lat' dir='ltr'><strong>labore</strong></span> <span class='ocrx_word' id='word_1_74' title='bbox 345 1531 592 1618; x_wconf 81' lang='lat' dir='ltr'><strong>vigilantiaque</strong></span> <span class='ocrx_word' id='word_1_75' title='bbox 628 1533 698 1596; x_wconf 90' lang='lat' dir='ltr'><strong>eius</strong></span> <span class='ocrx_word' id='word_1_76' title='bbox 734 1541 831 1597; x_wconf 88' lang='lat' dir='ltr'><strong>tanta</strong></span> <span class='ocrx_word' id='word_1_77' title='bbox 865 1533 917 1596; x_wconf 87' lang='lat' dir='ltr'><strong>vis</strong></span> <span class='ocrx_word' id='word_1_78' title='bbox 948 1554 1054 1598; x_wconf 88' lang='lat' dir='ltr'><strong>uuum</strong></span> <span class='ocrx_word' id='word_1_79' title='bbox 1089 1537 1180 1600; x_wconf 88' lang='lat' dir='ltr'><strong>intra</strong></span> 
     </span>
     <span class='ocr_line' id='line_1_13' title="bbox 198 1637 1180 1722; baseline -0.001 -19"><span class='ocrx_word' id='word_1_80' title='bbox 198 1639 355 1703; x_wconf 89' lang='lat' dir='ltr'><strong>damnum</strong></span> <span class='ocrx_word' id='word_1_81' title='bbox 396 1639 556 1702; x_wconf 81' lang='lat' dir='ltr'><strong>stetisset.</strong></span> <span class='ocrx_word' id='word_1_82' title='bbox 603 1645 635 1700; x_wconf 91' lang='lat' dir='ltr'><strong>et</strong></span> <span class='ocrx_word' id='word_1_83' title='bbox 675 1658 835 1701; x_wconf 79' lang='lat' dir='ltr'><strong>censuere</strong></span> <span class='ocrx_word' id='word_1_84' title='bbox 874 1647 987 1722; x_wconf 89' lang='lat' dir='ltr'><strong>patres</strong></span> <span class='ocrx_word' id='word_1_85' title='bbox 1031 1637 1180 1721; x_wconf 85' lang='lat' dir='ltr'><strong>effigiem</strong></span> 
     </span>
     <span class='ocr_line' id='line_1_14' title="bbox 145 1739 1257 1826; baseline 0.001 -21"><span class='ocrx_word' id='word_1_86' title='bbox 145 1765 171 1805; x_wconf 83' lang='lat'><strong>15</strong></span> <span class='ocrx_word' id='word_1_87' title='bbox 198 1741 338 1825; x_wconf 83' lang='lat' dir='ltr'><strong>Seiano,</strong></span> <span class='ocrx_word' id='word_1_88' title='bbox 380 1762 465 1826; x_wconf 91' lang='lat' dir='ltr'><strong>quae</strong></span> <span class='ocrx_word' id='word_1_89' title='bbox 499 1740 588 1826; x_wconf 91' lang='lat' dir='ltr'><strong>apud</strong></span> <span class='ocrx_word' id='word_1_90' title='bbox 622 1740 792 1805; x_wconf 89' lang='lat' dir='ltr'><strong>theatrum</strong></span> <span class='ocrx_word' id='word_1_91' title='bbox 824 1740 961 1825; x_wconf 89' lang='lat' dir='ltr'><strong>Pompei</strong></span> <span class='ocrx_word' id='word_1_92' title='bbox 994 1739 1179 1806; x_wconf 84' lang='lat' dir='ltr'><strong>locaretur.</strong></span> <span class='ocrx_word' id='word_1_93' title='bbox 1256 1809 1257 1818; x_wconf 53' lang='grc'>,</span> 
     </span>
     <span class='ocr_line' id='line_1_15' title="bbox 195 1837 1257 1931; baseline -0.003 -20"><span class='ocrx_word' id='word_1_94' title='bbox 195 1867 303 1931; x_wconf 91' lang='lat' dir='ltr'><strong>neque</strong></span> <span class='ocrx_word' id='word_1_95' title='bbox 319 1842 423 1910; x_wconf 92' lang='lat' dir='ltr'><strong>multo</strong></span> <span class='ocrx_word' id='word_1_96' title='bbox 446 1854 523 1929; x_wconf 91' lang='lat' dir='ltr'><strong>post</strong></span> <span class='ocrx_word' id='word_1_97' title='bbox 539 1841 676 1927; x_wconf 85' lang='lat' dir='ltr'><strong>Caesar,</strong></span> <span class='ocrx_word' id='word_1_98' title='bbox 701 1865 776 1908; x_wconf 91' lang='lat' dir='ltr'><strong>cum</strong></span> <span class='ocrx_word' id='word_1_99' title='bbox 791 1843 924 1908; x_wconf 92' lang='lat' dir='ltr'><strong>Iunium</strong></span> <span class='ocrx_word' id='word_1_100' title='bbox 939 1843 1104 1908; x_wconf 84' lang='lat' dir='ltr'><strong>Blaesum</strong></span> <span class='ocrx_word' id='word_1_101' title='bbox 1119 1867 1178 1930; x_wconf 91' lang='lat' dir='ltr'><strong>pro</strong></span> <span class='ocrx_word' id='word_1_102' title='bbox 1256 1837 1257 1840; x_wconf 46' lang='lat'>&#39;</span> 
     </span>
     <span class='ocr_line' id='line_1_16' title="bbox 196 1946 1258 2033; baseline -0.001 -19"><span class='ocrx_word' id='word_1_103' title='bbox 196 1947 334 2015; x_wconf 86' lang='lat' dir='ltr'><strong>consule</strong></span> <span class='ocrx_word' id='word_1_104' title='bbox 349 1946 486 2013; x_wconf 86' lang='lat' dir='ltr'><strong>Africae</strong></span> <span class='ocrx_word' id='word_1_105' title='bbox 501 1949 662 2033; x_wconf 92' lang='lat' dir='ltr'><strong>triumphi</strong></span> <span class='ocrx_word' id='word_1_106' title='bbox 679 1948 870 2032; x_wconf 87' lang='lat' dir='ltr'><strong>insignibus</strong></span> <span class='ocrx_word' id='word_1_107' title='bbox 887 1946 1073 2032; x_wconf 89' lang='lat' dir='ltr'><strong>attolleret,</strong></span> <span class='ocrx_word' id='word_1_108' title='bbox 1098 1949 1178 2016; x_wconf 86' lang='lat' dir='ltr'><strong>dare</strong></span> <span class='ocrx_word' id='word_1_109' title='bbox 1257 2024 1258 2029; x_wconf 8' lang='grc' dir='ltr'>γ</span> 
     </span>
     <span class='ocr_line' id='line_1_17' title="bbox 197 2049 1258 2134; baseline -0.003 -15"><span class='ocrx_word' id='word_1_110' title='bbox 197 2054 232 2119; x_wconf 95' lang='lat' dir='ltr'><strong>id</strong></span> <span class='ocrx_word' id='word_1_111' title='bbox 261 2075 297 2118; x_wconf 89' lang='lat' dir='ltr'><strong>se</strong></span> <span class='ocrx_word' id='word_1_112' title='bbox 328 2051 415 2116; x_wconf 84' lang='lat' dir='ltr'><strong>dixit</strong></span> <span class='ocrx_word' id='word_1_113' title='bbox 444 2051 563 2116; x_wconf 88' lang='lat' dir='ltr'><strong>honori</strong></span> <span class='ocrx_word' id='word_1_114' title='bbox 593 2049 724 2134; x_wconf 83' lang='lat' dir='ltr'><strong>Seiani,</strong></span> <span class='ocrx_word' id='word_1_115' title='bbox 758 2053 853 2117; x_wconf 89' lang='lat' dir='ltr'><strong>cuius</strong></span> <span class='ocrx_word' id='word_1_116' title='bbox 894 2051 953 2117; x_wconf 92' lang='lat' dir='ltr'><strong>ille</strong></span> <span class='ocrx_word' id='word_1_117' title='bbox 987 2052 1177 2118; x_wconf 84' lang='lat' dir='ltr'><strong>avunculus</strong></span> <span class='ocrx_word' id='word_1_118' title='bbox 1257 2099 1258 2126; x_wconf 73' lang='lat'><strong>,</strong></span> 
     </span>
     <span class='ocr_line' id='line_1_18' title="bbox 198 2155 1174 2239; baseline -0.003 -17"><span class='ocrx_word' id='word_1_119' title='bbox 198 2165 279 2222; x_wconf 88' lang='lat' dir='ltr'><strong>erat.</strong></span> <span class='ocrx_word' id='word_1_120' title='bbox 304 2178 344 2221; x_wconf 87' lang='lat' dir='ltr'><strong>ac</strong></span> <span class='ocrx_word' id='word_1_121' title='bbox 361 2165 474 2221; x_wconf 89' lang='lat' dir='ltr'><strong>tamen</strong></span> <span class='ocrx_word' id='word_1_122' title='bbox 489 2178 542 2220; x_wconf 90' lang='lat' dir='ltr'><strong>res</strong></span> <span class='ocrx_word' id='word_1_123' title='bbox 558 2155 673 2220; x_wconf 88' lang='lat' dir='ltr'><strong>Blaesi</strong></span> <span class='ocrx_word' id='word_1_124' title='bbox 697 2156 822 2239; x_wconf 86' lang='lat' dir='ltr'><strong>dignae</strong></span> <span class='ocrx_word' id='word_1_125' title='bbox 846 2155 967 2220; x_wconf 91' lang='lat' dir='ltr'><strong>decore</strong></span> <span class='ocrx_word' id='word_1_126' title='bbox 989 2155 1054 2221; x_wconf 92' lang='lat' dir='ltr'><strong>tali</strong></span> <span class='ocrx_word' id='word_1_127' title='bbox 1072 2156 1174 2222; x_wconf 86' lang='lat' dir='ltr'><strong>fuere.</strong></span> 
     </span>
     <span class='ocr_line' id='line_1_19' title="bbox 301 2257 1178 2344; baseline 0.006 -25"><span class='ocrx_word' id='word_1_128' title='bbox 301 2257 351 2322; x_wconf 77' lang='lat'><strong>73.</strong></span> <span class='ocrx_word' id='word_1_129' title='bbox 374 2258 461 2323; x_wconf 90' lang='lat' dir='ltr'><strong>Nam</strong></span> <span class='ocrx_word' id='word_1_130' title='bbox 483 2257 698 2342; x_wconf 85' lang='lat' dir='ltr'><strong>Tacfarinas,</strong></span> <span class='ocrx_word' id='word_1_131' title='bbox 722 2279 925 2344; x_wconf 83' lang='lat' dir='ltr'><strong>quamquam</strong></span> <span class='ocrx_word' id='word_1_132' title='bbox 955 2260 1095 2344; x_wconf 90' lang='lat' dir='ltr'><strong>saepius</strong></span> <span class='ocrx_word' id='word_1_133' title='bbox 1124 2259 1178 2324; x_wconf 92' lang='lat' dir='ltr'><strong>de·</strong></span> 
     </span>
     <span class='ocr_line' id='line_1_20' title="bbox 195 2361 1177 2449; baseline 0.002 -22"><span class='ocrx_word' id='word_1_134' title='bbox 195 2361 322 2449; x_wconf 88' lang='lat' dir='ltr'><strong>pulsus,</strong></span> <span class='ocrx_word' id='word_1_135' title='bbox 345 2363 511 2447; x_wconf 85' lang='lat' dir='ltr'><strong>reparatis</strong></span> <span class='ocrx_word' id='word_1_136' title='bbox 540 2383 601 2446; x_wconf 88' lang='lat' dir='ltr'><strong>per</strong></span> <span class='ocrx_word' id='word_1_137' title='bbox 630 2363 749 2426; x_wconf 91' lang='lat' dir='ltr'><strong>intima</strong></span> <span class='ocrx_word' id='word_1_138' title='bbox 772 2361 910 2426; x_wconf 85' lang='lat' dir='ltr'><strong>Africae</strong></span> <span class='ocrx_word' id='word_1_139' title='bbox 941 2363 1082 2428; x_wconf 88' lang='lat' dir='ltr'><strong>auxiliis</strong></span> <span class='ocrx_word' id='word_1_140' title='bbox 1113 2364 1177 2429; x_wconf 89' lang='lat' dir='ltr'><strong>hue</strong></span> 
     </span>
     <span class='ocr_line' id='line_1_21' title="bbox 197 2464 1176 2550; baseline 0.002 -19"><span class='ocrx_word' id='word_1_141' title='bbox 197 2466 421 2550; x_wconf 87' lang='lat' dir='ltr'><strong>adrogantiae</strong></span> <span class='ocrx_word' id='word_1_142' title='bbox 444 2474 599 2547; x_wconf 85' lang='lat' dir='ltr'><strong>venerat,</strong></span> <span class='ocrx_word' id='word_1_143' title='bbox 623 2474 660 2529; x_wconf 93' lang='lat' dir='ltr'><strong>ut</strong></span> <span class='ocrx_word' id='word_1_144' title='bbox 682 2464 814 2549; x_wconf 87' lang='lat' dir='ltr'><strong>legatos</strong></span> <span class='ocrx_word' id='word_1_145' title='bbox 838 2464 882 2531; x_wconf 94' lang='lat' dir='ltr'><strong>ad</strong></span> <span class='ocrx_word' id='word_1_146' title='bbox 905 2464 1082 2532; x_wconf 86' lang='lat' dir='ltr'><strong>Tiberium</strong></span> <span class='ocrx_word' id='word_1_147' title='bbox 1103 2469 1176 2533; x_wconf 92' lang='lat' dir='ltr'><strong>mit·</strong></span> 
     </span>
     <span class='ocr_line' id='line_1_22' title="bbox 197 2568 1174 2658; baseline 0.002 -23"><span class='ocrx_word' id='word_1_148' title='bbox 197 2578 283 2635; x_wconf 89' lang='lat' dir='ltr'><strong>teret</strong></span> <span class='ocrx_word' id='word_1_149' title='bbox 306 2568 485 2656; x_wconf 88' lang='lat' dir='ltr'><strong>sedemque</strong></span> <span class='ocrx_word' id='word_1_150' title='bbox 507 2568 595 2633; x_wconf 91' lang='lat' dir='ltr'><strong>ultro</strong></span> <span class='ocrx_word' id='word_1_151' title='bbox 621 2569 685 2634; x_wconf 91' lang='lat' dir='ltr'><strong>sibi</strong></span> <span class='ocrx_word' id='word_1_152' title='bbox 709 2579 810 2654; x_wconf 89' lang='lat' dir='ltr'><strong>atque</strong></span> <span class='ocrx_word' id='word_1_153' title='bbox 839 2570 1003 2635; x_wconf 88' lang='lat' dir='ltr'><strong>exercitui</strong></span> <span class='ocrx_word' id='word_1_154' title='bbox 1034 2593 1096 2636; x_wconf 92' lang='lat' dir='ltr'><strong>suo</strong></span> <span class='ocrx_word' id='word_1_155' title='bbox 1119 2594 1174 2658; x_wconf 90' lang='lat' dir='ltr'><strong>po-</strong></span> 
     </span>
    </p>

    <p class='ocr_par' dir='ltr' id='par_1_4' title="bbox 146 2672 1176 3687">
     <span class='ocr_line' id='line_1_23' title="bbox 157 2672 1176 2758; baseline 0 -20"><span class='ocrx_word' id='word_1_156' title='bbox 157 2698 169 2738; x_wconf 81' lang='lat' dir='ltr'><strong>s</strong></span> <span class='ocrx_word' id='word_1_157' title='bbox 196 2674 348 2756; x_wconf 87' lang='lat' dir='ltr'><strong>stularet,</strong></span> <span class='ocrx_word' id='word_1_158' title='bbox 372 2683 430 2739; x_wconf 91' lang='lat' dir='ltr'><strong>aut</strong></span> <span class='ocrx_word' id='word_1_159' title='bbox 446 2673 572 2739; x_wconf 91' lang='lat' dir='ltr'><strong>bellum</strong></span> <span class='ocrx_word' id='word_1_160' title='bbox 594 2672 835 2758; x_wconf 86' lang='lat' dir='ltr'><strong>inexplicabile</strong></span> <span class='ocrx_word' id='word_1_161' title='bbox 858 2675 1087 2739; x_wconf 79' lang='lat' dir='ltr'><strong>minitaretur.</strong></span> <span class='ocrx_word' id='word_1_162' title='bbox 1110 2697 1176 2740; x_wconf 91' lang='lat' dir='ltr'><strong>non</strong></span> 
     </span>
     <span class='ocr_line' id='line_1_24' title="bbox 196 2776 1174 2863; baseline -0.002 -17"><span class='ocrx_word' id='word_1_163' title='bbox 196 2780 282 2846; x_wconf 89' lang='lat' dir='ltr'><strong>alias</strong></span> <span class='ocrx_word' id='word_1_164' title='bbox 311 2779 419 2862; x_wconf 90' lang='lat' dir='ltr'><strong>magis</strong></span> <span class='ocrx_word' id='word_1_165' title='bbox 445 2799 505 2842; x_wconf 90' lang='lat' dir='ltr'><strong>sua</strong></span> <span class='ocrx_word' id='word_1_166' title='bbox 527 2776 707 2863; x_wconf 89' lang='lat' dir='ltr'><strong>populique</strong></span> <span class='ocrx_word' id='word_1_167' title='bbox 729 2777 871 2843; x_wconf 87' lang='lat' dir='ltr'><strong>Romani</strong></span> <span class='ocrx_word' id='word_1_168' title='bbox 894 2777 1105 2843; x_wconf 79' lang='lat' dir='ltr'><strong>contumelia</strong></span> <span class='ocrx_word' id='word_1_169' title='bbox 1128 2781 1174 2844; x_wconf 95' lang='lat' dir='ltr'><strong>in-</strong></span> 
     </span>
     <span class='ocr_line' id='line_1_25' title="bbox 198 2879 1175 2967; baseline -0.001 -19"><span class='ocrx_word' id='word_1_170' title='bbox 198 2882 344 2948; x_wconf 88' lang='lat' dir='ltr'><strong>doluisse</strong></span> <span class='ocrx_word' id='word_1_171' title='bbox 368 2879 550 2945; x_wconf 85' lang='lat' dir='ltr'><strong>Caesarem</strong></span> <span class='ocrx_word' id='word_1_172' title='bbox 571 2881 698 2963; x_wconf 88' lang='lat' dir='ltr'><strong>ferunt,</strong></span> <span class='ocrx_word' id='word_1_173' title='bbox 723 2903 823 2967; x_wconf 86' lang='lat' dir='ltr'><strong>quam</strong></span> <span class='ocrx_word' id='word_1_174' title='bbox 852 2880 940 2966; x_wconf 92' lang='lat' dir='ltr'><strong>quod</strong></span> <span class='ocrx_word' id='word_1_175' title='bbox 964 2879 1122 2948; x_wconf 88' lang='lat' dir='ltr'><strong>desertor</strong></span> <span class='ocrx_word' id='word_1_176' title='bbox 1145 2893 1175 2947; x_wconf 89' lang='lat' dir='ltr'><strong>et</strong></span> 
     </span>
     <span class='ocr_line' id='line_1_26' title="bbox 196 2982 1174 3073; baseline 0.002 -23"><span class='ocrx_word' id='word_1_177' title='bbox 196 2985 321 3073; x_wconf 90' lang='lat' dir='ltr'><strong>praedo</strong></span> <span class='ocrx_word' id='word_1_178' title='bbox 344 2985 491 3050; x_wconf 91' lang='lat' dir='ltr'><strong>bostium</strong></span> <span class='ocrx_word' id='word_1_179' title='bbox 512 3006 603 3050; x_wconf 88' lang='lat' dir='ltr'><strong>more</strong></span> <span class='ocrx_word' id='word_1_180' title='bbox 626 2994 753 3068; x_wconf 90' lang='lat' dir='ltr'><strong>ageret.</strong></span> <span class='ocrx_word' id='word_1_181' title='bbox 784 3007 826 3049; x_wconf 94' lang='lat' dir='ltr'><strong>ne</strong></span> <span class='ocrx_word' id='word_1_182' title='bbox 850 2982 1014 3070; x_wconf 83' lang='lat' dir='ltr'><strong>Spartaco</strong></span> <span class='ocrx_word' id='word_1_183' title='bbox 1040 2985 1174 3072; x_wconf 90' lang='lat' dir='ltr'><strong>quidem</strong></span> 
     </span>
     <span class='ocr_line' id='line_1_27' title="bbox 195 3086 1174 3176; baseline 0.002 -22"><span class='ocrx_word' id='word_1_184' title='bbox 195 3099 271 3176; x_wconf 90' lang='lat' dir='ltr'><strong>post</strong></span> <span class='ocrx_word' id='word_1_185' title='bbox 300 3098 351 3154; x_wconf 90' lang='lat' dir='ltr'><strong>tot</strong></span> <span class='ocrx_word' id='word_1_186' title='bbox 380 3086 609 3154; x_wconf 90' lang='lat' dir='ltr'><strong>consularium</strong></span> <span class='ocrx_word' id='word_1_187' title='bbox 638 3089 847 3154; x_wconf 88' lang='lat' dir='ltr'><strong>exercituum</strong></span> <span class='ocrx_word' id='word_1_188' title='bbox 881 3087 996 3153; x_wconf 87' lang='lat' dir='ltr'><strong>clades</strong></span> <span class='ocrx_word' id='word_1_189' title='bbox 1031 3088 1174 3156; x_wconf 87' lang='lat' dir='ltr'><strong>inultam</strong></span> 
     </span>
     <span class='ocr_line' id='line_1_28' title="bbox 146 3189 1174 3276; baseline 0.002 -19"><span class='ocrx_word' id='word_1_190' title='bbox 146 3218 171 3256; x_wconf 85' lang='grc' dir='ltr'><strong>ιο</strong></span> <span class='ocrx_word' id='word_1_191' title='bbox 197 3192 332 3257; x_wconf 88' lang='lat' dir='ltr'><strong>Italiam</strong></span> <span class='ocrx_word' id='word_1_192' title='bbox 359 3192 488 3272; x_wconf 88' lang='lat' dir='ltr'><strong>urenti,</strong></span> <span class='ocrx_word' id='word_1_193' title='bbox 523 3212 722 3276; x_wconf 91' lang='lat' dir='ltr'><strong>quamquam</strong></span> <span class='ocrx_word' id='word_1_194' title='bbox 747 3189 887 3255; x_wconf 87' lang='lat' dir='ltr'><strong>Sertorii</strong></span> <span class='ocrx_word' id='word_1_195' title='bbox 917 3201 1018 3276; x_wconf 91' lang='lat' dir='ltr'><strong>atque</strong></span> <span class='ocrx_word' id='word_1_196' title='bbox 1041 3192 1174 3259; x_wconf 91' lang='lat' dir='ltr'><strong>Mithri·</strong></span> 
     </span>
     <span class='ocr_line' id='line_1_29' title="bbox 198 3292 1172 3381; baseline 0.001 -21"><span class='ocrx_word' id='word_1_197' title='bbox 198 3296 287 3360; x_wconf 90' lang='lat' dir='ltr'><strong>datis</strong></span> <span class='ocrx_word' id='word_1_198' title='bbox 311 3293 505 3378; x_wconf 91' lang='lat' dir='ltr'><strong>ingentibus</strong></span> <span class='ocrx_word' id='word_1_199' title='bbox 522 3292 621 3359; x_wconf 89' lang='lat' dir='ltr'><strong>bellis</strong></span> <span class='ocrx_word' id='word_1_200' title='bbox 645 3293 778 3358; x_wconf 88' lang='lat' dir='ltr'><strong>labaret</strong></span> <span class='ocrx_word' id='word_1_201' title='bbox 802 3293 1017 3381; x_wconf 88' lang='lat' dir='ltr'><strong>respublica,</strong></span> <span class='ocrx_word' id='word_1_202' title='bbox 1044 3296 1172 3380; x_wconf 84' lang='lat' dir='ltr'><strong>datum,</strong></span> 
     </span>
     <span class='ocr_line' id='line_1_30' title="bbox 197 3395 1172 3482; baseline 0.003 -20"><span class='ocrx_word' id='word_1_203' title='bbox 197 3407 232 3462; x_wconf 90' lang='lat' dir='ltr'><strong>ut</strong></span> <span class='ocrx_word' id='word_1_204' title='bbox 255 3407 357 3482; x_wconf 90' lang='lat' dir='ltr'><strong>pacto</strong></span> <span class='ocrx_word' id='word_1_205' title='bbox 380 3399 415 3460; x_wconf 93' lang='lat' dir='ltr'><strong>in</strong></span> <span class='ocrx_word' id='word_1_206' title='bbox 437 3395 538 3459; x_wconf 90' lang='lat' dir='ltr'><strong>fidem</strong></span> <span class='ocrx_word' id='word_1_207' title='bbox 561 3399 787 3482; x_wconf 78' lang='lat' dir='ltr'><strong>acciperetur3</strong></span> <span class='ocrx_word' id='word_1_208' title='bbox 810 3396 933 3462; x_wconf 89' lang='lat' dir='ltr'><strong>nedum</strong></span> <span class='ocrx_word' id='word_1_209' title='bbox 947 3397 1172 3482; x_wconf 89' lang='lat' dir='ltr'><strong>pulcherrimo</strong></span> 
     </span>
     <span class='ocr_line' id='line_1_31' title="bbox 197 3497 1173 3586; baseline 0.006 -25"><span class='ocrx_word' id='word_1_210' title='bbox 197 3499 311 3582; x_wconf 93' lang='lat' dir='ltr'><strong>populi</strong></span> <span class='ocrx_word' id='word_1_211' title='bbox 339 3498 482 3563; x_wconf 89' lang='lat' dir='ltr'><strong>Romani</strong></span> <span class='ocrx_word' id='word_1_212' title='bbox 509 3498 646 3581; x_wconf 88' lang='lat' dir='ltr'><strong>fastigio</strong></span> <span class='ocrx_word' id='word_1_213' title='bbox 676 3497 763 3562; x_wconf 89' lang='lat' dir='ltr'><strong>latro</strong></span> <span class='ocrx_word' id='word_1_214' title='bbox 793 3499 994 3564; x_wconf 86' lang='lat' dir='ltr'><strong>Tacfarinas</strong></span> <span class='ocrx_word' id='word_1_215' title='bbox 1023 3522 1112 3586; x_wconf 89' lang='lat' dir='ltr'><strong>pace</strong></span> <span class='ocrx_word' id='word_1_216' title='bbox 1141 3513 1173 3567; x_wconf 86' lang='lat' dir='ltr'><strong>et</strong></span> 
     </span>
     <span class='ocr_line' id='line_1_32' title="bbox 199 3598 1172 3687; baseline 0.006 -23"><span class='ocrx_word' id='word_1_217' title='bbox 199 3603 416 3665; x_wconf 89' lang='lat' dir='ltr'><strong>concessione</strong></span> <span class='ocrx_word' id='word_1_218' title='bbox 446 3616 602 3679; x_wconf 89' lang='lat' dir='ltr'><strong>agrorum</strong></span> <span class='ocrx_word' id='word_1_219' title='bbox 631 3598 862 3665; x_wconf 89' lang='lat' dir='ltr'><strong>redimeretur.</strong></span> <span class='ocrx_word' id='word_1_220' title='bbox 909 3601 968 3667; x_wconf 89' lang='lat' dir='ltr'><strong>dat</strong></span> <span class='ocrx_word' id='word_1_221' title='bbox 997 3607 1172 3687; x_wconf 86' lang='lat' dir='ltr'><strong>negotium</strong></span> 
     </span>
    </p>
   </div>
   <div class='ocr_carea' id='block_1_4' title="bbox 0 0 1270 4084">
    <p class='ocr_par' dir='ltr' id='par_1_5' title="bbox 0 0 1270 4084">
     <span class='ocr_line' id='line_1_33' title="bbox 0 0 1270 4084; baseline 0 5"><span class='ocrx_word' id='word_1_222' title='bbox 0 0 1270 4084; x_wconf 95' lang='lat' dir='ltr'><strong> </strong></span> 
     </span>
    </p>
   </div>
  </div>
 </body>
</html>
