2500 4084
241 323 304 388 210
324 324 497 376 CORNELII
510 324 631 376 TACITI
646 325 692 376 AB
703 323 866 378 EXOESSU
875 324 1035 377 AUGUSTI
1045 323 1093 378 IV.
1108 325 1205 376 'rt-ta

239 515 268 579 ei
298 513 535 596 adrogantiam
564 512 696 578 foedum
724 512 809 578 illud
837 514 871 578 in
904 515 1083 600 propatulo
1116 517 1205 579 servi·

237 619 320 681 tium
345 620 531 702 spectanti3
561 618 683 702 quippe
705 617 829 682 Romae
860 621 946 682 sueti
970 618 1159 702 discursus,
1180 627 1205 682 et

235 720 470 804 magnitudine
493 718 586 785 urbis
611 720 786 803 incertum,
816 719 905 807 quod
927 723 1067 809 quisque
1091 721 1137 787 ad
1156 744 1205 786 ne-

236 826 364 909 gotium
379 832 516 910 pergat:
539 822 587 887 ibi
610 845 728 910 eampo
745 834 804 890 aut
826 824 924 889 litore
948 827 1100 891 iacentes
1123 824 1205 890 nullo

186 945 211 984 2⁰
239 927 432 993 discrimine
465 935 599 992 noctem
639 945 680 992 ao
721 926 808 993 diem
841 929 938 992 iuxta
972 931 1121 1012 gratiam
1154 938 1204 991 aut

236 1031 345 1096 fastus
369 1033 550 1096 ianitorum
572 1031 858 1119 perpetiebantur,
893 1031 999 1098 donee
1024 1032 1059 1097 id
1083 1053 1204 1118 quoque

235 1137 393 1200 vetitum:
423 1144 456 1200 et
483 1157 644 1200 revenere
666 1138 701 1201 in
724 1134 841 1201 urbem
864 1134 1003 1221 trepidi,
1033 1157 1116 1221 quos
1145 1156 1202 1198 non

234 1261 395 1322 sermone,
429 1262 497 1304 non
530 1240 606 1304 visu
641 1238 798 1324 dignatus
834 1249 922 1324 erat,
952 1239 1092 1326 quidam
1125 1236 1201 1302 male

233 1341 381 1427 alacres,
415 1342 536 1428 quibus
565 1342 734 1409 infaustae
759 1344 930 1409 amicitiae
960 1345 1076 1426 gravis
1100 1343 1200 1406 exitus

192 1461 205 1500 ⁵
232 1444 428 1512 inminebat.

336 1548 386 1613 75.
421 1547 578 1616 Ceterum
616 1549 773 1616 Tiberius
813 1559 946 1636 neptem
986 1549 1198 1635 Agrippinam

157 1643 158 1646 ¹
232 1651 433 1717 Germanico
464 1662 573 1718 ortam
602 1675 678 1718 oum
707 1675 819 1718 eoram
842 1650 903 1717 On.
925 1651 1076 1717 Domitio
1106 1650 1198 1716 tradi-

232 1755 348 1840 disset,
372 1758 406 1820 in
421 1755 504 1822 urbe
528 1755 693 1822 celebrari
716 1757 852 1842 nuptias
876 1757 984 1820 iussit.
1008 1757 1042 1819 in
1057 1755 1196 1820 Domitio

232 1881 331 1944 super
360 1868 565 1924 vetustatem
595 1861 729 1944 generis
758 1860 980 1944 propinquum
1003 1855 1195 1924 Caesaribus

190 1997 202 2036 5
231 1965 429 2047 sanguinem
453 1961 646 2046 delegerat;
679 1985 758 2028 nam
781 1965 810 2027 is
833 1963 946 2026 aviam
970 1960 1149 2029 Octaviam
1169 1967 1195 2023 et

227 2089 288 2152 per
312 2089 385 2132 eam
409 2065 600 2150 Augustum
625 2065 828 2133 avunculum
851 2064 1077 2151 praeferebat.
