2534 4084
430 304 663 358 ARGUMENTA.
881 267 1035 372 xxm

37 493 122 559 fato
155 494 335 560 dubitatio.
366 531 407 540 -
438 493 490 560 23.
514 494 653 562 Asinius
676 495 795 562 Gallus
826 496 906 563 obit.
945 520 1033 564 mors

37 599 156 664 Drusi
193 599 399 664 miseranda.
437 638 477 644 —
515 597 566 664 24.
600 601 634 664 in
671 624 744 666 eum
778 611 878 667 atrox
907 600 1034 666 Tiberii

41 704 197 768 animus.
221 739 263 747 —
286 701 337 766 25.
354 702 542 789 Agrippina
566 701 680 769 inedia
696 706 794 789 perit.
819 741 860 751 —
882 703 935 769 26.
952 703 1034 769 Goo-

41 808 148 870 eeius
165 805 281 870 Nerva
302 828 363 872 sua
380 816 498 892 sponte
520 808 594 873 vita
612 806 758 873 decedit.
782 807 948 890 Plancina
973 831 1032 873 sua

40 933 155 976 manu
192 933 301 976 serum
337 910 535 998 supplicium
569 912 742 998 persolvit.
778 950 819 958 —
857 911 908 975 27.
937 910 1034 994 Iulia,

41 1012 183 1079 Tiberii
207 1016 327 1102 neptis,
352 1016 386 1078 in
411 1015 542 1080 domum
564 1014 710 1080 Rubellii
733 1014 859 1080 Blandi
884 1013 1033 1080 denubit.

41 1141 143 1183 mors
167 1117 258 1184 Aelii
286 1116 443 1200 Lamiae,
472 1119 646 1204 Pomponii
669 1119 798 1201 Flacci,
822 1119 877 1183 M.’
901 1118 1034 1204 Lepidi.

157 1221 210 1286 28.
234 1219 317 1286 Avis
340 1220 488 1306 phoenix
510 1224 544 1286 in
566 1222 723 1310 Aegypto
746 1225 837 1306 visa3
861 1224 977 1288 variae
994 1222 1035 1287 de

43 1351 90 1392 ea
106 1327 326 1391 narrationes
340 1334 374 1390 et
390 1325 526 1391 iudicia.
544 1363 584 1370 —
601 1323 652 1391 29.
668 1325 784 1392 Labeo
801 1347 876 1391 cum
892 1328 1035 1411 coniuge

41 1433 195 1496 Paxaea
211 1451 316 1494 venas
331 1429 498 1515 abrumpit
515 1429 679 1494 invidiam
696 1431 876 1496 amoliente
888 1430 1034 1496 Tiberio.

42 1538 136 1600 item
149 1532 298 1599 Scaurus
310 1533 481 1598 Macronis
499 1533 575 1599 odio
591 1533 765 1620 perculsus
778 1531 1034 1600 'damnationem

45 1641 164 1705 anteit
190 1636 308 1703 Sextia
330 1660 435 1702 uxore
458 1641 574 1704 mortis
597 1639 772 1726 participe.
796 1677 838 1684 -—
862 1636 912 1703 30.
938 1661 1034 1705 aceu-

47 1753 186 1808 satores
217 1740 298 1806 urbe
328 1744 451 1808 exacti.
491 1741 689 1808 Gaetulicus
725 1745 812 1808 mira
840 1745 1035 1819 constantia

47 1845 242 1933 periculum
265 1845 391 1930 effugit.
947 1844 957 1850 “

160 1948 212 2014 31.
237 1949 353 2015 Parthi
375 1948 588 2016 Artabanum
617 1954 761 2018 amoturi
785 1951 931 2017 Sinuace
955 1972 1033 2016 auo-

49 2065 128 2118 tore
152 2073 267 2137 regem
294 2063 413 2139 petunt
441 2076 462 2118 a
485 2053 630 2120 Tiberio.
665 2093 707 2102 -
743 2053 795 2121 32.
831 2057 859 2120 is
885 2039 1036 2121 destinat

49 2158 238 2222 Phraatem
262 2167 294 2222 et
315 2156 379 2222 hoc
402 2166 531 2223 mortuo
548 2157 744 2225 Tiridatem.
768 2159 869 2225 rebus
887 2151 1036 2226 Orientis

51 2260 234 2326 Vitellium
266 2262 429 2348 praeficit.
464 2299 506 2308 -
528 2261 666 2328 33-35.
702 2266 791 2329 inter
823 2264 967 2330 Parthos
1003 2274 1036 2328 et

52 2366 237 2431 Armenios
272 2366 377 2431 oritur
413 2365 555 2451 bellum3
593 2367 653 2432 hos
689 2366 814 2433 Albani
852 2367 1036 2452 Hiberique

53 2469 233 2535 Thessalis
258 2473 322 2534 orti
345 2473 472 2544 iuvant.
496 2471 613 2537 Parthi
635 2470 763 2558 proelio
786 2473 881 2555 victi,
906 2471 1035 2538 Orodes

56 2573 128 2638 dux
153 2575 304 2656 graviter
324 2574 532 2640 vulneratus.
556 2612 596 2621 —
620 2576 671 2640 36.
695 2577 890 2642 Artabanus
915 2578 1036 2639 iterum

55 2679 170 2742 victus
193 2678 228 2740 in
252 2674 425 2762 Scythiam
452 2680 611 2765 profugit.
636 2716 676 2724 -
705 2679 756 2743 37.
780 2680 951 2746 Tiridates
976 2702 1037 2744 rex

56 2780 258 2846 Parthorum
281 2781 456 2846 sufficitur.
479 2819 521 2826 -
543 2782 585 2846 38
609 2792 641 2847 et
665 2782 715 2846 39.
739 2785 865 2850 Romae
881 2784 1036 2850 Tiberius

57 2909 118 2971 per
140 2885 276 2950 litteras
301 2889 430 2951 saevire
450 2889 571 2973 pergit.
595 2889 768 2974 Poppaeus
786 2887 931 2955 Sabinus
956 2888 1036 2953 obit.

164 2985 216 3052 40.
240 3011 329 3055 mors
352 2989 512 3055 Vibuleni
535 2989 723 3078 Agrippae,
747 2992 905 3076 Tigranis
936 3014 1036 3078 quon·

59 3093 137 3158 dam
161 3094 252 3176 regis
275 3091 466 3178 Armeniae,
490 3092 527 3159 G.
557 3092 706 3176 Galbae,
737 3095 877 3162 duorum
899 3096 1036 3161 Blaeso·

58 3219 142 3278 rum,
167 3193 333 3266 Aemiliae
358 3196 521 3284 Lepidae.
546 3235 587 3244 -
611 3198 662 3263 41.
687 3196 796 3274 Glitae
820 3223 840 3264 a
866 3199 1036 3272 Trebellio

59 3300 103 3364 ad
128 3298 335 3366 deditionem
364 3303 485 3366 coacti.
530 3301 701 3367 Tiridates
724 3303 884 3367 Parthica
915 3303 1037 3389 oppida

60 3403 191 3488 recipit.
216 3439 256 3448 —
273 3401 410 3468 42-44.
433 3404 522 3469 idem
539 3403 712 3469 Seleuciae
737 3407 912 3492 exquisitis
935 3405 1037 3471 hono·

61 3506 155 3571 ribus
171 3509 349 3593 excipitur,
373 3505 627 3594 Ctesiphontem
641 3511 736 3593 petit,
760 3509 893 3593 insigne
908 3511 1037 3594 regium

62 3611 200 3697 accipit.
223 3612 283 3677 sed
304 3633 383 3678 mox
406 3633 579 3698 procerum
603 3610 744 3677 discidio
767 3612 904 3698 pellitur
927 3623 961 3678 et
976 3613 1037 3678 Ar-
