2530 4084
198 226 257 289 136
521 228 695 279 ooaunnrr
714 229 838 280 mom

154 450 167 488 5
194 426 264 481 tum
299 416 344 481 ad
378 416 619 482 exsolvendum
652 417 820 483 obsidium
855 418 959 483 ducit.
1011 417 1159 505 simulque

195 529 318 584 cuneta
340 541 499 605 prospere
523 529 611 603 acta,
636 523 746 586 eaesis
769 520 1026 607 populatoribus
1050 533 1083 588 et
1103 522 1159 586 dis-

196 625 351 690 sensione
376 635 449 690 orta
473 624 564 709 apud
588 623 782 690 obsidentes
805 627 965 711 regisque
985 637 1158 712 opportuna

195 730 367 813 eruptione
397 737 431 792 et
464 727 612 792 adventu
645 726 801 811 legionis.
846 751 955 815 neque
984 732 1093 795 aciem
1113 739 1159 793 aut

194 829 357 917 proelium
385 830 454 896 dici
478 830 642 914 decuerit,
667 833 702 896 in
725 853 789 918 quo
814 834 968 897 semermi
993 855 1035 898 ae
1058 832 1159 919 palan-

142 965 167 1004 ιο
194 946 245 1001 tes
268 934 431 1000 trucidati
455 946 532 1002 sunt
556 938 627 999 sine
651 943 767 1000 nostro
792 938 969 1019 sanguine.

297 1038 349 1104 40.
372 1039 501 1104 Eodem
523 1060 612 1104 anno
637 1036 828 1104 Galliarum
851 1041 1014 1104 civitates
1039 1039 1081 1104 ob
1102 1062 1158 1104 ma·

195 1143 408 1227 gnitudinem
445 1145 532 1208 aeris
568 1142 673 1207 alieni
706 1142 925 1208 rebellionem
961 1153 1161 1229 coeptavere,

195 1248 289 1313 ouius
314 1246 551 1312 exstimulator
575 1248 757 1311 acerrimus
781 1249 870 1312 inter
886 1247 1054 1313 Treveros
1070 1247 1163 1313 Iulius

194 1350 331 1435 Florus,
366 1351 456 1437 apud
489 1350 625 1415 Aeduos
659 1349 763 1415 Iulius
800 1348 968 1415 Sacrovir.
1013 1350 1165 1416 nobilitas

156 1482 168 1521 s
196 1438 357 1519 ambobus
390 1464 423 1519 et
452 1456 615 1519 maiorum
640 1451 730 1518 bona
760 1453 869 1538 facta,
895 1476 1000 1540 eoque
1024 1456 1167 1520 Romana

200 1560 321 1624 civitas
351 1557 430 1624 olim
453 1559 545 1641 data,
569 1580 643 1622 oum
672 1558 709 1622 id
739 1580 852 1623 rarum
874 1580 937 1623 neo
965 1560 1035 1624 nisi
1058 1559 1168 1625 virtuti

193 1664 337 1747 pretium
366 1673 465 1728 esset.
510 1664 534 1727 ii
565 1663 704 1726 secretis
728 1660 931 1747 conloquiis,
966 1662 1169 1728 ferocissimo

195 1786 323 1852 quoque
367 1765 544 1851 adsumpto
575 1777 633 1831 aut
661 1764 780 1850 quibus
825 1765 867 1830 ob
899 1776 1091 1849 egestatem
1134 1789 1169 1830 ao

194 1878 318 1934 metum
347 1892 390 1934 ex
415 1869 555 1953 flagitiis
583 1872 732 1935 maxima
761 1869 927 1955 peccandi
949 1870 1173 1952 necessitudo,
1235 1861 1237 1944 s

143 2001 168 2038 ιο
195 1982 399 2058 componunt
444 1972 565 2037 Florus
609 1973 751 2057 Belgas,
792 1971 950 2038 Sacrovir
1003 1976 1173 2060 propiores
1237 2005 1238 2028 r

195 2073 314 2141 Gallos
343 2079 489 2142 concire.
519 2079 622 2160 igitur
651 2099 710 2163 per
738 2075 967 2141 conciliabula
991 2087 1026 2142 et
1061 2089 1174 2144 coetus

203 2180 365 2246 seditiosa
407 2179 618 2246 disserebant
658 2181 700 2245 de
744 2180 1000 2245 continuatione
1035 2180 1176 2245 tributo·

193 2307 281 2367 rum,
326 2286 496 2369 gravitate
538 2283 700 2366 faenoris,
746 2284 890 2348 saevitia
933 2304 974 2348 ac
1020 2283 1177 2370 superbia

193 2388 474 2474 praesidentium3
498 2398 532 2453 et
556 2387 750 2452 discordare
781 2386 923 2451 militem
950 2385 1070 2450 audito
1095 2384 1177 2452 Ger-

145 2519 169 2558 ro
195 2494 320 2557 manici
369 2494 484 2558 exitio.
536 2493 708 2575 egregium
756 2489 976 2555 resumendae
1023 2488 1178 2556 libertati

196 2604 335 2680 tempus,
360 2597 388 2660 si
412 2597 476 2681 ipsi
498 2595 665 2677 florentes,
690 2615 790 2678 quam
812 2594 909 2677 inops
931 2590 1047 2676 Italia,
1077 2615 1178 2679 quam

196 2698 331 2764 inbellis
353 2700 484 2766 urbana
506 2699 639 2786 plebes,
667 2697 752 2763 nibil
776 2697 927 2762 validum
952 2699 985 2760 in
1011 2699 1172 2762 exerciti-

195 2802 256 2867 bus
281 2803 349 2868 nisi
372 2803 461 2890 quod
484 2814 668 2885 externum,
692 2803 895 2885 cogitarent.

297 2906 349 2970 41.
373 2907 476 2972 Haud
491 2907 593 2972 ferme
609 2904 679 2971 ulla
694 2906 817 2970 civitas
841 2906 975 2970 intacta
992 2905 1177 2971 seminibus

196 3012 267 3074 eius
296 3019 404 3074 motus
434 3009 513 3074 fuit:
550 3009 610 3074 sed
640 3029 778 3093 erupere
806 3010 906 3093 primi
928 3007 1110 3073 Andecavi
1140 3031 1178 3074 ao

195 3113 331 3177 Turoni.
356 3134 495 3197 quorum
517 3112 718 3177 Andecavos
742 3110 873 3176 Acilius
896 3111 1019 3177 Aviola
1041 3111 1177 3195 legatus

197 3218 311 3281 excita
334 3216 480 3298 cohorte,
505 3237 590 3300 quae
605 3214 765 3298 Lugduni
780 3213 987 3299 praesidium
1007 3214 1177 3298 agitabat,

158 3346 171 3384 o
197 3321 357 3384 coercuit.
380 3317 507 3382 Turoni
530 3318 716 3401 legionario
739 3317 862 3400 milite,
893 3339 991 3404 quem
1013 3317 1175 3384 Visellius

196 3421 306 3486 Varro
342 3420 509 3484 inferioris
534 3418 736 3485 Germaniae
771 3418 904 3504 legatus
933 3422 1089 3504 miserat,
1122 3443 1177 3509 op·

198 3523 306 3604 pressi
331 3521 447 3586 eodem
462 3519 585 3586 Aviola
610 3521 696 3586 duee
719 3531 753 3585 et
769 3521 970 3605 quibusdam
987 3521 1179 3590 Galliarum
