2534 4084
458 304 680 356 rnoosrnun
1007 308 1058 372 X1

72 502 237 578 quattuor
252 494 491 579 imperatorum
503 505 654 578 vocatur,
671 493 760 580 quod
776 517 814 560 eo
831 515 919 560 anno
933 492 1057 576 Galba,

72 595 184 681 Otho,
219 595 394 681 Vitellius,
417 598 650 684 Vespasianus
684 619 796 664 rerum
828 597 1056 684 potiebantur.

73 702 144 766 iam
155 700 358 767 adulescens
372 703 668 786 grammaticorum
681 701 862 787 disciplina
876 701 1058 786 diligenter

73 806 256 870 institutus
287 827 412 871 summo
442 805 554 872 studio
584 807 618 872 in
647 805 874 894 eloquentiam
902 805 1055 872 incubuit

72 911 216 994 eiusque
245 910 328 974 artis
356 911 660 996 praestantissimis
682 908 976 996 praeceptoribus,
999 909 1056 994 qui

70 1021 147 1076 tum
170 1022 279 1098 erant,
304 1023 354 1079 est
378 1035 468 1096 usus,
493 1015 527 1079 in
550 1013 603 1079 his
627 1013 849 1094 Quintiliano.
888 1015 937 1078 ita
960 1013 1056 1078 brevi

72 1115 203 1199 effecit,
229 1127 268 1183 ut
294 1119 367 1204 ipse
390 1119 524 1202 optimis
548 1115 828 1182 adnumeraretur
851 1115 1052 1182 oratoribus.

177 1219 278 1286 Anno
306 1219 482 1286 LXXVII.
511 1218 572 1284 On.
600 1219 677 1284 Iulii
707 1218 891 1304 Agricolae
920 1222 1056 1287 unicam

71 1323 209 1403 liliam²)
227 1345 366 1389 uxorem
383 1324 489 1406 duxit,
506 1325 701 1411 priusquam
717 1322 775 1389 ille
791 1325 825 1388 in
841 1323 1055 1390 Britanniam

70 1427 176 1509 abiit,
209 1435 247 1492 ut
279 1427 326 1493 ibi
350 1426 552 1493 Caledonios
587 1427 814 1492 ferocissimos
845 1427 1052 1492 devinceret.

73 1553 212 1596 cursum
245 1530 408 1596 honorum
442 1530 504 1596 sub
532 1531 744 1617 Vespasiano
783 1533 956 1614 ingressus
993 1538 1054 1614 est,

74 1656 140 1720 quo
175 1636 363 1721 imperante
391 1643 608 1722 quaesturam
637 1637 759 1718 gessit,
796 1635 856 1700 sed
889 1636 1055 1700 incertum

73 1759 140 1825 quo
172 1760 272 1805 anno.
317 1761 338 1804 a
366 1748 464 1826 patre
493 1738 689 1804 inchoatam
724 1738 925 1823 dignitatem
958 1740 1055 1804 auxit

73 1842 186 1925 Titus,
220 1843 282 1908 sub
306 1864 369 1929 quo
394 1843 534 1907 Tacitus
570 1842 781 1908 aedilitatem
814 1841 868 1908 vel
903 1841 1054 1907 tribuna-

72 1957 145 2011 tum
177 1945 285 2032 plebis
324 1948 467 2033 accepit.
512 1947 699 2032 imperante
733 1945 928 2012 Domitiano
966 1966 1054 2010 anno

73 2050 301 2115 LXXXVIII.
325 2059 461 2137 praetor
476 2051 540 2116 fuit
562 2071 604 2114 ac
628 2050 727 2115 simul
744 2049 934 2115 sacerdotio
959 2050 1052 2135 quin-

74 2153 287 2219 decimvirali
309 2153 483 2241 praeditus
507 2153 595 2219 ludis
621 2151 864 2236 saecularibus,
887 2173 969 2240 quos
994 2151 1051 2217 ille

74 2257 193 2341 edidit,
210 2259 371 2324 intentius
388 2259 494 2342 affuit,
510 2267 546 2323 ut
564 2259 635 2344 ipse
651 2257 754 2322 refert
770 2257 831 2340 XI,
851 2255 899 2320 ll.
917 2256 1053 2322 biennio

73 2370 150 2446 post
173 2384 249 2426 cum
271 2384 376 2428 uxore
391 2360 507 2427 urbem
530 2363 652 2444 omisit,
675 2369 713 2426 ut
727 2360 861 2445 legatus
876 2381 936 2446 pro
958 2382 1054 2446 prae·

73 2473 146 2529 tore
175 2465 425 2551 imperatoriam
455 2464 665 2551 provinciam
693 2463 964 2548 administraret,
987 2463 1053 2528 for·

75 2577 166 2633 tasse
191 2566 341 2634 Galliam
362 2567 545 2652 Belgicam.
577 2567 666 2632 unde
687 2567 834 2632 nondum
857 2575 1054 2648 reverterat,

74 2693 149 2736 cum
180 2693 268 2737 anno
291 2669 415 2736 XCIII.
440 2692 535 2736 socer
564 2671 635 2735 eius
657 2667 836 2754 Agricola,
866 2692 964 2756 quern
985 2669 1054 2734 Do·

73 2776 235 2840 mitianus
266 2776 424 2861 suspicax
448 2773 576 2858 aliquot
606 2774 705 2839 annis
740 2784 820 2839 ante
849 2796 893 2838 ex
918 2772 1054 2838 Britan-

73 2880 131 2944 nia
170 2888 406 2960 revocaverat,
435 2878 561 2942 Romae
600 2876 688 2942 diem
728 2875 812 2942 obiit
857 2898 1053 2962 supremum.

73 3004 181 3069 neque
213 2980 318 3047 multo
357 2992 434 3066 post
467 2982 501 3045 in
535 2978 652 3045 urbem
686 3002 839 3046 reversus
874 2989 942 3045 tres
976 2979 1053 3047 ulti·

73 3107 142 3150 mos
170 3094 204 3149 et
231 3086 449 3169 gravissimos
472 3083 660 3148 Domitiani
688 3105 795 3148 annos
822 3083 919 3168 vidit,
947 3084 1053 3149 donec

72 3198 148 3274 post
172 3189 363 3254 saevissimi
378 3187 516 3272 tyranni
532 3186 672 3251 caedem
687 3185 921 3252 beatissimum
946 3197 1054 3252 ortum

72 3301 122 3356 est
146 3291 329 3357 saeculum.
353 3314 432 3357 narn
456 3311 545 3356 anno
561 3288 684 3355 XCVI.
708 3311 813 3356 senex
836 3289 893 3355 ille
910 3289 1053 3354 clemen-

178 3485 197 3550 ²)
217 3483 253 3534 Ei
273 3495 368 3534 nomen
388 3482 485 3533 Iuliam
504 3480 587 3534 fuisse
607 3483 666 3534 veri
685 3480 772 3532 simile
792 3486 833 3531 est
851 3495 884 3530 ex
902 3478 986 3544 patris
1006 3493 1051 3527 no-

77 3569 145 3620 rnine
165 3568 270 3636 gentili.
301 3568 348 3618 sed
379 3583 484 3634 nequeo
504 3568 569 3617 satis
588 3568 693 3630 mirari,
724 3565 795 3632 quod
813 3565 924 3615 Tacitus
947 3579 1044 3614 nomen

75 3657 161 3707 rororis
181 3657 207 3706 in
228 3655 285 3705 vita
303 3653 445 3720 Agricolae
467 3655 554 3704 soceri
575 3655 617 3704 sui
636 3669 746 3718 prorsus
766 3653 864 3700 omisit.
