2530 4084
224 278 284 344 164
544 277 717 330 0010111111
738 276 861 328 110111

221 469 379 538 incolumi
402 469 471 537 filio
497 468 686 536 adiutorem
710 469 842 555 imperii
864 468 968 533 alium
992 470 1128 535 vocari.
1173 479 1208 534 et

221 584 383 662 quantum
418 595 611 660 superesse,
643 581 681 638 ut
714 571 848 656 collega
884 571 1043 638 dicatur?
1078 574 1209 659 primas

222 678 418 746 dominandi
435 701 510 765 spes
534 679 568 743 in
586 677 708 743 arduo:
731 676 790 742 ubi
806 677 853 742 sis
870 677 1058 762 ingressus,
1083 676 1208 742 adesse

170 803 194 840 ¹⁰
220 783 334 851 studia
358 793 391 848 et
406 783 588 848 ministros.
613 789 789 846 exstructa
811 781 879 846 iam
896 791 1014 866 sponte
1036 781 1208 866 praefecti

220 897 345 970 castra,
371 886 469 952 datos
486 887 520 951 in
537 908 673 952 manum
687 884 829 968 militee;
852 885 946 950 cerni
963 884 1115 967 effigiem
1133 885 1206 948 eius

221 993 254 1056 in
289 991 501 1056 monimentis
532 988 592 1054 Cn.
620 990 774 1075 Pompei3
811 1009 1002 1054 communes
1038 987 1094 1053 illi
1129 1010 1209 1052 eum

220 1094 348 1160 t'amilia
372 1094 558 1160 Drusorum
587 1093 659 1158 fore
688 1101 849 1178 nepotes:
886 1091 1098 1179 precandam
1127 1103 1207 1177 post

219 1198 302 1263 11000
325 1196 541 1281 modestiam,
570 1206 605 1262 ut
635 1206 813 1263 contentus
845 1207 943 1262 esset.
987 1219 1099 1282 neque
1123 1218 1207 1262 raro

169 1315 193 1355 1⁵
218 1321 324 1386 neque
347 1300 437 1386 apud
459 1323 584 1386 paucos
612 1300 697 1366 talia
721 1300 880 1384 iaciebat,
904 1309 936 1365 et
961 1310 1095 1366 secreta
1121 1320 1204 1386 quo·

219 1427 281 1491 que
306 1406 376 1470 eius
399 1414 558 1492 corrupta
581 1426 687 1469 uxore
709 1403 948 1490 prodebantur.

321 1507 351 1572 8.
374 1508 483 1592 Igitur
512 1505 654 1573 Seianus
688 1505 925 1572 maturandum
952 1514 1047 1572 ratus
1080 1505 1207 1590 deligit

219 1634 393 1695 venenum,
418 1633 481 1697 quo
504 1610 670 1698 paulatim
692 1613 865 1698 inrepente
888 1611 1044 1677 fortuitus
1061 1611 1206 1677 morbus
1251 1625 1252 1690 ζ

220 1714 489 1782 adsimularetur.
519 1714 554 1781 id
575 1714 689 1780 Druso
714 1714 830 1781 datum
859 1737 920 1801 per
940 1714 1102 1801 Lygdum
1127 1739 1207 1802 spa·
1251 1729 1252 1804 1

221 1817 350 1902 donem,
373 1829 410 1884 ut
434 1828 509 1884 octo
532 1829 610 1906 post
633 1840 740 1883 annos
763 1820 938 1903 cognitum
962 1827 1024 1883 est.
1048 1830 1207 1886 ceterum
1251 1809 1252 1848 ³

180 1935 192 1976 ⁶
220 1920 374 1988 Tiberius
403 1945 464 2008 per
492 1944 604 1988 omnes
633 1920 839 1987 valetudinis
875 1923 946 1986 eius
981 1921 1073 2006 dies,
1106 1923 1208 1989 nullo

218 2035 308 2091 metu
331 2048 375 2090 un
404 2035 440 2091 ut
463 2026 703 2092 firmitudinem
731 2025 835 2091 animi
858 2034 1063 2109 ostentaret,
1094 2029 1205 2094 etiam

220 2128 376 2194 defuncto
404 2130 547 2195 necdum
581 2129 728 2215 sepulto,
763 2130 890 2194 curiam
925 2130 1100 2213 ingressus
1138 2145 1205 2198 est.

219 2232 439 2318 consulesque
467 2232 547 2297 sede
570 2232 703 2315 vulgari
731 2253 791 2317 per
821 2232 967 2318 speciem
1000 2234 1203 2300 maestitiae

220 2335 374 2401 sedentes
399 2335 534 2401 honoris
558 2334 690 2422 locique
715 2334 906 2417 admonuit,
936 2343 968 2399 et
993 2333 1139 2402 effusum
1170 2341 1205 2403 in

168 2455 192 2496 1⁰
219 2437 376 2505 1001111100
395 2448 549 2505 senatum
563 2441 654 2505 vieto
677 2440 805 2523 gemitu
826 2437 926 2504 simul
949 2440 1104 2505 oratione
1121 2463 1205 2507 eon·

220 2545 314 2610 tinua
338 2545 462 2610 erexit:
485 2565 552 2610 non
569 2542 704 2630 quidem
719 2542 784 2608 sibi
800 2544 957 2627 ignarum
970 2564 1072 2628 posse
1089 2548 1203 2630 argui,

219 2648 307 2735 quod
331 2660 400 2714 tam
429 2648 557 2714 recenti
586 2646 699 2714 dolore
723 2646 866 2712 subierit
896 2647 1011 2712 oculos
1041 2659 1203 2715 senatus:

218 2755 278 2818 vix
293 2754 554 2840 propinquorum
571 2751 730 2838 adloquia
747 2750 894 2833 tolerari,
909 2752 968 2815 vix
985 2750 1074 2815 diem
1090 2755 1202 2839 aspici

219 2879 239 2920 a
273 2856 442 2944 plerisque
476 2856 672 2941 lugentium.
707 2877 814 2942 neque
848 2853 925 2920 11100
959 2853 1202 2922 inbecillitatis

165 2976 192 3019 1⁶
220 2960 445 3027 damnandos:
470 2983 504 3028 se
528 2972 640 3026 tamen
663 2961 803 3026 fortiora
827 2959 955 3025 solacia
978 2981 996 3024 0
1019 2959 1203 3045 complexu
1250 2977 1251 2980 ’

218 3066 268 3130 101
314 3063 471 3152 publicae
515 3065 686 3152 petivisse.
736 3064 980 3150 miseratusque
1019 3060 1202 3147 Augustae
1250 3085 1251 3150 1

219 3178 404 3234 extremam
441 3178 629 3251 senectam,
669 3166 785 3233 rudem
820 3166 931 3233 adhue
965 3176 1127 3253 nepotum
1168 3179 1202 3234 et
1250 3157 1251 3201 t

217 3282 414 3356 vergentem
453 3280 600 3338 aetatem
635 3293 743 3353 suam,
784 3280 821 3336 ut
856 3268 1053 3336 Germanici
1086 3270 1201 3356 liberi,

218 3377 320 3439 unica
341 3377 570 3460 praesentium
585 3374 748 3441 malorum
771 3373 973 3456 levamenta,
997 3373 1201 3442 induceren-

168 3503 194 3546 20
219 3481 274 3540 tur
289 3476 420 3560 petivit.
437 3478 564 3558 egressi
586 3475 741 3544 consules
757 3476 907 3543 firmatos
931 3475 1092 3564 adloquio
1115 3479 1200 3544 adu-

219 3573 422 3640 lescentulos
458 3574 685 3663 deductosque
714 3587 794 3643 ante
821 3577 1003 3645 Caesarem
1032 3589 1200 3647 statuunt.
