2534 4084
376 295 582 351 PRAEFATIO
603 295 756 347 culmea.
948 299 1048 366 XVII

65 487 204 554 addidit
221 488 298 571 eius,
322 490 380 574 qui
397 491 573 573 genetivus
589 489 644 554 hic
661 489 884 555 desideratur.
909 525 948 538 --
973 512 1049 578 cap.

66 589 159 674 21‚8
193 590 504 676 Bezzenbergerum
538 601 672 658 secutus
705 592 869 658 traditam
903 592 1048 660 colloca·

67 697 196 760 tionem
229 693 407 760 verborum
434 695 565 778 quisque
599 695 689 760 ouius
722 697 757 761 in
791 695 882 760 ouius
919 697 1049 778 quisquo

66 800 209 866 mutavi.
233 837 275 846 -
298 821 372 887 cap.
402 797 488 882 30st
512 809 592 866 ante
616 799 803 882 ooupropuru'
825 801 935 867 Ritter
957 799 1050 866 haud

67 901 219 968 absurde
242 903 399 969 voculam
421 921 487 965 uou
515 903 732 969 adiciendam
760 913 886 970 censet.
909 939 951 948 —
974 926 1047 991 cap.

65 1005 118 1087 35,
134 1003 175 1069 13
191 1007 380 1072 coniunctis
395 1006 546 1072 Ernestii
570 1015 602 1072 et
618 1007 742 1075 Ritteri
754 1008 957 1073 coniecturis
972 1016 1049 1094 post

67 1108 232 1172 laboribus
256 1110 321 1175 duo
344 1110 450 1175 verba
473 1107 558 1174 obire
579 1109 697 1174 elueret
719 1112 863 1195 inserui,
893 1120 930 1175 ut
952 1109 1046 1176 loeus

64 1213 169 1299 plane
205 1213 402 1300 desperatus
431 1211 500 1298 legi
524 1212 645 1278 saltem
666 1222 790 1300 posset.
825 1251 867 1260 -
901 1213 983 1279 ibid.
1009 1212 1048 1277 17

66 1339 127 1404 pro
153 1316 283 1383 codicis
313 1316 458 1383 lectione
480 1319 651 1398 promptos
678 1318 749 1382 Iao.
773 1314 963 1383 Gronovius
994 1340 1050 1404 op-

68 1423 153 1486 time
176 1422 322 1487 coniecit
339 1423 507 1503 promptos
529 1440 569 1486 so.
594 1460 634 1468 —
663 1443 737 1508 cap.
760 1419 847 1504 41,8
871 1442 947 1486 cum
970 1420 1049 1506 Nip-

66 1523 208 1609 perdeio
242 1526 404 1588 outeuuouu
435 1522 531 1605 fidem
564 1547 623 1611 pro
653 1525 779 1592 tradito
809 1525 965 1610 genetivo
995 1524 1050 1590 vel

66 1626 186 1693 dativo
209 1629 354 1690 euteruuo
375 1625 452 1708 fidei
476 1628 610 1714 scripsi.
640 1665 682 1674 -
706 1650 779 1717 cap.
803 1627 913 1714 43,15
936 1646 1047 1710 uosque

66 1752 127 1816 pro
151 1747 205 1793 uos
227 1747 345 1811 quoque
367 1731 513 1796 coniecit
534 1730 745 1818 Nipperdey,
774 1733 870 1797 ouius
905 1733 1050 1798 auctori-

65 1842 175 1918 tatem
196 1855 301 1921 nuper
324 1843 458 1900 secutus
483 1842 535 1900 est
559 1831 747 1903 Gitlbauer.
772 1873 812 1882 -
841 1857 915 1922 cap.
939 1833 1048 1920 44,10

64 1947 143 2025 post
166 1937 294 2002 stobout
323 1938 387 2005 duo
410 1937 516 2004 verba
546 1957 610 2020 pro
634 1939 777 2003 ooutioue
807 1938 932 2022 delevi,
962 1939 1053 2026 quod

65 2041 150 2107 mihi
173 2041 342 2126 glossema
366 2043 613 2129 insequentium
636 2042 813 2110 verborum
844 2042 881 2106 u'u
903 2045 1052 2126 supposta

66 2145 180 2211 alieno
203 2145 278 2212 loco
302 2146 336 2212 in
360 2155 491 2212 textum
514 2147 690 2233 irrepsisse
713 2147 883 2214 videntur.
907 2181 950 2192 -
974 2168 1048 2234 cap.

67 2247 144 2332 49,6
158 2247 338 2316 lectionem
353 2250 481 2316 codicis
498 2253 598 2315 cetero
613 2250 707 2317 haud
721 2250 868 2317 absurde
885 2251 920 2314 in
936 2252 1051 2313 ouucto

66 2354 214 2418 mutavit
229 2351 417 2419 Andresen.
434 2389 476 2400 -
492 2375 566 2441 cap.
583 2352 687 2438 51,11
705 2363 854 2420 veterem
870 2354 1050 2424 correctio·

67 2477 144 2521 nem
160 2465 295 2522 secutus
313 2458 400 2522 inter
415 2454 537 2538 proelio
551 2466 585 2522 et
592 2475 677 2538 poro
692 2459 818 2524 inserui
833 2457 1050 2545 participium

62 2562 214 2639 paratus.
249 2597 289 2604 —
324 2581 397 2646 cap.
431 2557 483 2643 55,
500 2559 537 2624 17
573 2584 616 2626 ex
638 2561 820 2649 Nipperdei
854 2562 1049 2626 coniectura

67 2660 222 2724 iuimicus
255 2684 314 2748 pro
343 2661 470 2728 tradito
500 2663 627 2728 luimiou'
660 2667 787 2751 recepi,
820 2664 910 2751 quod
942 2686 1051 2750 neque

67 2787 128 2850 pro
152 2766 310 2849 genetivo
327 2764 510 2850 singularis
532 2789 640 2854 neque
664 2791 723 2855 pro
747 2769 955 2835 nominativo
978 2767 1051 2854 plu-

66 2868 149 2934 ralis
179 2877 355 2956 acceptum
387 2869 548 2936 hocloco
580 2871 736 2958 quadrat.
772 2911 812 2918 —
845 2894 919 2959 cap.
943 2869 995 2957 59,
1010 2869 1052 2934 15

72 2981 164 3036 certe
188 2969 354 3035 homiuum
376 2983 453 3058 post
486 2973 695 3038 sacerdotium
728 2986 821 3042 recte
856 2998 891 3041 se
924 2973 1051 3041 habere

70 3076 197 3161 nequit.
222 3074 283 3140 sed
294 3076 510 3142 coniecturae
527 3075 643 3143 Wolfii
659 3088 691 3144 et
707 3078 835 3146 Halmii
853 3077 1051 3162 (Romuuum

70 3188 103 3244 et
125 3175 277 3259 hostium)
308 3177 390 3243 mihi
413 3201 518 3265 aeque
542 3179 733 3268 displicent.
772 3206 876 3271 quare
898 3185 1052 3248 neutram

68 3283 191 3368 recepi.
214 3317 257 3326 -
280 3304 355 3368 cap.
372 3279 466 3365 60,17
491 3303 600 3347 corrues
621 3295 699 3371 post
716 3285 857 3367 Lupiam
879 3295 971 3351 recte
996 3285 1051 3350 de·

69 3385 151 3450 levit
169 3381 357 3452 Gitlbauer.
374 3421 416 3434 -—
432 3406 505 3474 cap.
530 3385 583 3472 61,
595 3387 637 3452 23
654 3413 697 3455 ex
712 3390 839 3457 Heraei
854 3391 1051 3455 coniectura

74 3486 237 3574 inluserit,
272 3488 362 3575 quod
384 3490 420 3554 in
443 3489 632 3557 Arminium
665 3493 783 3560 ducem
805 3515 873 3559 non
895 3492 1052 3579 quadrat,

72 3590 104 3654 in
124 3589 290 3676 pluralem
318 3613 491 3658 numerum
526 3592 701 3659 iulusouut
732 3597 869 3663 mutavi.
900 3630 942 3643 -
975 3617 1050 3684 cap.

118 3741 242 3786 usclrus.
257 3743 277 3787 1.
909 3733 927 3784 b
