2552 4084
221 306 263 372 56
292 307 464 359 CORNELII
477 310 599 360 TAOITI
616 313 661 361 AB
675 312 838 366 EXCESSU
848 314 1008 366 AUGUSTI
1020 315 1041 368 Ι.
1055 315 1166 366 80-81,

220 499 366 584 vovisse,
390 499 527 586 quidam
543 501 684 586 invidia,
699 525 742 568 ne
757 503 871 590 plures
887 504 1098 590 fruerentur3
1122 516 1195 572 sunt

221 604 277 688 qui
300 604 505 689 existiment,
529 614 566 672 ut
588 606 750 673 callidum
773 609 845 672 eius
861 608 1044 693 ingenium,
1068 611 1120 675 ita
1142 633 1196 676 an·

219 708 313 772 xium
347 708 525 794 iudicium,
563 731 670 796 neque
714 713 803 776 enim
837 712 1017 777 eminentis
1052 715 1194 780 virtutes

168 840 194 878 ro
221 811 432 897 sectabatur,
465 824 497 879 et
532 836 664 879 rursum
691 816 777 880 vitia
811 814 947 880 oderat:
987 838 1030 881 ex
1065 819 1195 903 optimis

218 919 402 1005 periculum
427 919 508 1001 sibi,
544 920 741 1004 spessimis
766 918 913 984 dedecus
935 919 1110 1005 publicum
1132 942 1196 985 me-

217 1020 346 1087 tuebat.
392 1044 458 1109 qua
487 1021 712 1088 haesitatione
739 1030 909 1108 postremo
944 1044 982 1087 eo
1017 1033 1195 1108 provectus

218 1136 278 1208 est,
313 1136 349 1191 ut
384 1127 598 1192 mandaverit
633 1125 836 1213 quibusdam
870 1128 1080 1212 provincias,
1115 1150 1195 1214 quos

218 1230 334 1314 egredi
356 1229 440 1295 urbe
463 1252 530 1295 non
553 1239 625 1295 erat
648 1252 819 1316 passurus
1257 1309 1258 1322 χ

319 1333 370 1397 81.
387 1333 439 1398 De
452 1335 595 1399 comitiis
609 1333 851 1417 consularibus,
869 1357 955 1420 quae
971 1343 1042 1400 turn
1052 1336 1196 1419 primurn

216 1435 274 1500 illo
297 1437 447 1522 principe
471 1458 511 1500 ac
536 1435 694 1521 deinceps
718 1436 823 1519 fuere,
846 1439 906 1503 vix
940 1439 1119 1524 quicquam
1141 1440 1195 1504 fir-

215 1563 308 1606 mare
324 1541 448 1605 susim:
465 1539 550 1606 adeo
568 1539 703 1604 diversa
719 1562 787 1605 non
803 1541 902 1606 modo
920 1541 1011 1626 apud
1025 1550 1192 1624 auctores,

217 1643 278 1709 sed
305 1645 339 1708 in
363 1644 467 1729 ipsius
503 1643 712 1709 orationibus
735 1645 957 1730 reperiuntur.
992 1644 1090 1710 modo
1116 1647 1193 1712 snb-

175 1770 189 1811 s
216 1750 336 1814 tractis
352 1746 614 1812 candidatorum
629 1748 820 1812 nominibus
845 1750 1008 1832 originem
1031 1751 1195 1836 cuiusque

153 1859 156 1865 '
214 1861 247 1916 et
264 1853 371 1916 vitam
387 1860 421 1916 et
436 1850 605 1936 stipendis
623 1850 811 1937 descripsit,
833 1861 870 1917 ut
894 1854 950 1938 qui
965 1852 1075 1916 forent
1099 1853 1196 1919 intel-

213 1955 398 2040 legeretur3
422 1953 604 2040 aliquando
629 1977 668 2019 ea
692 1977 822 2041 quoque
846 1955 1094 2039 significatione
1119 1957 1193 2022 sub·

213 2068 326 2126 tracta
349 2058 551 2124 candidatos
568 2058 734 2141 hortatus,
758 2081 801 2123 ne
824 2058 952 2124 ambitu
967 2061 1107 2125 comitia
1124 2069 1193 2126 tur·

213 2165 344 2246 barent,
369 2184 465 2228 suam
488 2162 533 2227 ad
555 2162 591 2227 id
613 2183 731 2228 euram
759 2161 930 2248 pollicitus
955 2171 1016 2227 est.
1050 2163 1195 2248 plerum·

161 2288 187 2326 ιο
213 2290 277 2354 que
300 2288 357 2332 eos
380 2275 513 2332 tantum
537 2267 627 2352 apud
651 2289 687 2332 se
709 2267 877 2353 professos
901 2266 1077 2352 disseruit,
1113 2291 1195 2354 quo·

211 2393 285 2438 rum
316 2373 453 2436 nomina
483 2370 677 2436 consulibus
712 2370 891 2453 edidisset3
929 2392 1028 2456 posse
1052 2379 1085 2435 et
1109 2371 1194 2437 alios

210 2476 377 2561 profiteri,
412 2476 441 2538 si
465 2476 599 2558 gratiae
622 2484 682 2539 aut
705 2476 834 2539 meritis
857 2474 1086 2540 confiderent:
1121 2497 1194 2561 spe·

211 2580 305 2644 ciosa
327 2577 457 2660 verbis,
493 2600 530 2641 re
564 2579 680 2643 inania
716 2586 774 2642 aut
811 2575 963 2660 subdola,
998 2588 1193 2666 quantoque

210 2683 335 2748 maiore
359 2680 529 2746 libertatis
553 2682 700 2764 imagine
723 2679 945 2764 tegebantur,
975 2689 1072 2745 tanto
1096 2703 1193 2767 erup·

159 2804 184 2843 1⁵
212 2795 288 2850 tura
310 2785 355 2851 ad
378 2785 540 2850 infensius
564 2785 750 2849 servitium.
