2530 4084
255 331 300 381 ΑΒ
319 330 481 382 EXGESSU
499 331 658 382 AUGUSTI
675 331 721 380 IV.
742 331 851 380 13-16.
974 325 1035 390 169

46 519 261 604 flagitiorum
284 529 316 585 et
332 522 455 587 virium
469 522 613 604 venisse,
629 529 666 586 ut
682 521 886 585 auctoritate
902 527 1036 604 patrum

45 623 279 690 coercendum
302 625 355 690 sit.
378 623 466 710 pulsi
490 634 560 691 tum
582 623 763 690 histriones
785 621 898 688 Italia.

153 726 210 794 15.
232 727 329 794 Idem
351 751 459 794 annus
484 727 551 793 alio
575 749 705 815 quoque
734 725 829 793 luctu
852 724 1035 791 Caesarem

46 829 201 916 adfecit,
230 831 372 897 alterum
396 855 439 897 ex
463 833 606 916 geminis
629 831 733 896 Drusi
762 829 877 896 liberis
908 831 1034 895 exstin-

47 936 201 1016 guendo,
223 957 331 1021 neque
354 938 463 1001 minus
486 945 592 1001 morte
616 936 726 1000 amici.
752 937 780 999 is
803 935 866 1000 fuit
881 932 1033 999 Lucilius

45 1036 210 1124 Longus,
241 1042 386 1105 omnium
408 1037 460 1104 illi
489 1041 635 1105 tristium
665 1037 893 1125 laetorumque
924 1039 1034 1104 socius

45 1163 205 1230 unusque
228 1165 246 1207 e
270 1143 482 1208 senatoribus
505 1142 630 1209 Rhodii
655 1163 807 1208 secessus
831 1163 953 1208 comes.
984 1143 1033 1206 ita
1061 1155 1073 1194 ⁵

48 1266 257 1332 quamquam
278 1268 365 1312 novo
389 1246 517 1312 homini
540 1248 730 1313 censorium
752 1247 863 1328 funus,
888 1245 1034 1328 effigiem

49 1350 143 1435 apud
167 1351 275 1416 forum
290 1350 438 1436 Augusti
459 1349 597 1438 publica
619 1351 764 1435 pecunia
780 1358 895 1435 patres
920 1348 1033 1414 decre-

49 1474 149 1538 vere,
181 1453 272 1541 apud
300 1476 382 1541 quos
412 1457 608 1522 etiamtum
636 1462 760 1519 cuncta
784 1452 1033 1535 tractabantur,

50 1555 138 1624 adeo
154 1567 193 1623 ut
208 1567 406 1644 procurator
421 1557 526 1624 Asiae
541 1556 694 1623 Lucilius
711 1555 832 1642 Capito
849 1567 1033 1621 accusante

51 1664 229 1743 provincia
244 1684 384 1729 causam
396 1663 530 1746 dixerit,
546 1683 670 1746 magna
687 1683 763 1726 cum
775 1659 1033 1725 adseveratione
1062 1675 1086 1713 10

50 1765 230 1852 principis,
259 1788 326 1831 non
354 1789 390 1831 se
413 1768 464 1830 ius
493 1767 560 1830 nisi
588 1767 622 1830 in
646 1766 786 1830 servitia
816 1774 849 1830 et
871 1765 1033 1850 pecunias

52 1865 237 1935 familiares
254 1870 404 1936 dedisse:
421 1869 510 1955 quod
527 1871 555 1934 si
571 1871 639 1934 vim
654 1869 820 1955 praetoris
837 1876 1033 1953 usurpasset

52 1973 272 2060 manibusque
294 1972 439 2040 militum
461 1997 539 2039 usus
563 1975 659 2058 foret,
684 1982 796 2060 spreta
820 1974 854 2036 in
879 1993 916 2036 eo
939 1993 1032 2036 man-

55 2073 134 2141 data
160 2099 237 2142 sua:
261 2077 416 2142 audirent
434 2079 553 2144 socios.
577 2079 625 2143 ita
641 2100 717 2143 reus
735 2078 872 2161 cognito
895 2075 1031 2158 negotio

55 2177 244 2246 damnatur.
269 2180 310 2246 ob
328 2202 428 2267 quam
450 2179 622 2263 ultionem,
647 2189 679 2246 et
704 2182 783 2266 quia
805 2180 918 2265 priore
941 2200 1031 2244 anne
1061 2193 1085 2232 1⁵

55 2281 87 2347 in
115 2281 154 2348 O.
179 2283 333 2349 Silanum
360 2284 571 2350 vindicatum
600 2293 689 2367 erat,
720 2282 899 2349 decrevere
929 2280 1033 2347 Asiae

56 2387 156 2453 urbes
180 2387 342 2475 templum
364 2387 501 2453 Tiberio
524 2389 690 2473 matrique
715 2389 785 2452 eius
817 2408 857 2451 ac
888 2387 1032 2451 senatui.

56 2500 84 2555 et
116 2493 320 2578 permissum
349 2501 517 2576 statuere,
552 2493 689 2578 egitque
718 2491 806 2556 Nero
842 2498 957 2574 grates
993 2511 1033 2554 ea

55 2615 157 2660 causa
181 2595 335 2682 patribus
359 2604 461 2682 atque
477 2617 551 2678 avc,
576 2593 685 2659 laetas
710 2595 798 2658 inter
821 2593 1032 2659 audientium

56 2698 274 2782 adfectiones,
299 2700 356 2785 qui
379 2699 510 2764 recenti
532 2699 693 2763 memoria
716 2694 913 2763 Germanici
937 2695 1031 2761 illum
1058 2712 1084 2752 2⁰

55 2803 176 2888 aspici,
205 2801 301 2868 illum
324 2801 436 2868 audiri
458 2801 630 2867 rebantur.
676 2799 887 2886 aderantque
918 2801 1031 2866 iuveni

56 2903 221 2970 modestia
252 2928 292 2972 ac
320 2907 427 2972 forma
455 2907 607 2992 principe
630 2906 703 2969 viro
728 2903 848 2988 digna,
876 2904 967 2968 notis
996 2906 1031 2969 in

13 3083 14 3086 Ἴ
57 3030 127 3074 eum
151 3007 268 3075 Seiani
291 3009 378 3076 odiis
403 3009 444 3075 ob
467 3008 654 3096 periculum
677 3009 838 3092 gratiora.

13 3119 14 3192 ζ
157 3113 209 3178 16.
239 3111 307 3179 Sub
342 3113 431 3179 idem
463 3122 593 3199 tempus
629 3112 671 3178 de
703 3111 838 3176 flamine
866 3109 962 3175 Diali
995 3111 1030 3174 in

13 3260 15 3312 3
57 3216 163 3284 locum
187 3216 285 3284 Servi
307 3217 555 3302 Maluginensis
579 3216 730 3282 defuncti
752 3213 907 3299 legendo,
932 3210 1030 3278 simul

13 3318 14 3355 l
58 3320 206 3406 roganda
228 3343 317 3386 nova
345 3321 421 3404 lege
453 3320 611 3387 disseruit
636 3318 773 3384 Caesar.
818 3339 897 3383 narn
925 3317 1030 3402 patri-

13 3439 15 3456 *
60 3427 123 3490 cios
159 3425 386 3491 confarreatis
420 3424 619 3511 parentibus
660 3425 792 3508 genitos
826 3431 896 3488 tres
930 3418 1031 3484 simul

60 3530 234 3612 nominari,
270 3552 313 3594 ex
336 3530 410 3616 quis
439 3550 525 3594 unus
547 3528 732 3612 legeretur,
756 3533 890 3592 vetusto
919 3544 1029 3605 more,
1056 3540 1068 3579 s

14 3644 16 3711 ,1
61 3654 158 3721 neque
182 3630 320 3716 adesse,
343 3642 382 3697 ut
405 3630 501 3716 olim,
525 3653 599 3696 eam
621 3630 769 3716 copiam,
799 3628 922 3693 omissa
951 3646 1029 3690 con·
