2530 4084
190 279 253 357 104
437 281 440 288 ’
505 311 508 320 ·
550 283 725 345 courum
742 291 867 346 morus

188 482 485 550 SentiumSur'iae
506 467 759 571 ¹praepositum
795 481 874 550 huic
903 484 1014 550 fasces
1048 494 1098 552 et*
1116 487 1189 550 iris

150 589 363 684 mpraetoris,
386 588 463 652 huic
486 587 637 672 legiones
662 587 771 653 datas.
803 589 833 652 si
861 588 943 674 quid
964 587 1086 653 hostile
1115 590 1186 654 in-

147 709 160 749 o
188 695 297 775 gruat,
322 713 419 782 quem
442 675 563 756 iustius
588 713 682 757 arma
707 693 951 779 oppositurum,
986 713 1086 778 quam
1109 693 1185 778 qui

187 796 292 888 legati
306 781 554 862 'auctoritatem
570 806 603 861 et
625 798 761 882 propria
783 794 949 861 mandata
971 795 1184 881 acceperit?

186 899 442 987 relinquendum
465 901 567 965 etiam
589 887 778 965 rumoribus
803 910 953 986 tempus,
982 921 1047 985 quo
1071 921 1181 964 sene-

188 1009 302 1094 scant:
331 988 529 1088 'plerumwe
558 1003 754 1068 innocentes
785 1003 915 1068 recenti
943 1001 1095 1066 invidiae
1117 1004 1180 1066 in-

149 1111 158 1142 ''
186 1119 294 1191 pares.
318 1115 354 1170 at
378 1107 406 1190 si
422 1093 537 1170 teneat
560 1105 755 1188 exercitum,
778 1104 904 1188 augeat
925 1107 1026 1186 vires,
1049 1104 1179 1190 multa,

134 1227 160 1265 10
187 1191 272 1297 quae
294 1196 465 1294 provideri
487 1207 556 1272 non
578 1208 724 1293 possint,
747 1207 886 1272 fortuito
910 1209 944 1272 in
966 1208 1085 1273 melius
1111 1232 1178 1275 ca-

186 1319 274 1378 sura.
293 1309 352 1376 ‘an
367 1311 573 1377 ‹festinumus
597 1333 672 1376 cum
695 1309 890 1377 Germanioi
913 1310 1081 1377 cineribus
1107 1311 1178 1376 ad-

185 1415 324 1502 p'ellere,
355 1425 392 1481 ut
422 1405 676 1480 te'inauditum
705 1423 739 1479 et
767 1413 978 1478 indefensum
1006 1415 1175 1501 planctus

185 1509 409 1604 Agrippinae
428 1540 468 1590 ac
487 1517 625 1602 uulgus
661 1519 854 1603 imperitum
887 1521 995 1604 primo
1029 1541 1173 1586 rumore

151 1623 345 1709 '‘rapiant?
368 1622 500 1687 esttibi
523 1617 701 1705 Augustae
724 1623 946 1705 conscientia,
971 1631 1022 1687 est
1039 1620 1173 1688 (laesa-

134 1742 158 1782 1⁵
184 1727 231 1791 ris
254 1726 362 1807 favor,
386 1717 504 1790 sedin
528 1724 677 1809 occult03
707 1734 740 1789 et
770 1727 900 1810 perisse
924 1724 1172 1792 Germanicum

184 1815 269 1894 nulli
304 1828 489 1893 iactantius
523 1836 674 1892 maerent
704 1849 805 1914 quam
834 1830 891 1914 qui
921 1831 1068 1895 maxime
1095 1829 1171 1896 lae·

185 1919 322 1998 tantur?
432 1923 435 1930 ⁴

288 2034 338 2101 78.
362 2035 466 2101 Haud
496 2055 621 2119 magna
650 2035 739 2101 mole
761 2036 850 2119 Piso,
880 2044 1054 2122 promptus
1077 2035 1169 2100 fero-

185 2140 295 2224 cibus,
319 2142 355 2205 in
379 2127 581 2205 sententiam
614 2138 762 2204 trahitur
789 2141 968 2226 missisque
996 2139 1042 2204 ad
1063 2137 1168 2204 Tibe-

184 2248 271 2313 rium
287 2243 441 2330 epistulis
458 2245 593 2314 incusat
610 2241 851 2308 Germanicum
873 2243 974 2308 luxus
999 2252 1032 2306 et
1049 2263 1168 2327 super·

184 2349 278 2432 biae,
313 2366 414 2433 seque
441 2345 592 2432 pulsum,
627 2354 664 2410 ut
687 2344 781 2411 locus
811 2345 911 2410 rebus
941 2346 1038 2411 novis
1068 2354 1167 2430 pate·

146 2441 311 2535 ⁵fier'et,
330 2473 446 2516 curam
474 2451 643 2515 exercitus
674 2449 793 2515 eadem
826 2449 893 2514 fide
922 2471 988 2536 qua
1016 2449 1166 2513 tenuerit

161 2556 394 2640 ’repetivisse
446 2551 544 2618 simul
584 2552 772 2618 Domitium
811 2554 994 2638 inpositum
1032 2552 1165 2616 triremi

183 2661 294 2726 vitare
317 2649 456 2721 litorum
483 2678 577 2720 oram
598 2664 799 2740 praeterque
822 2655 952 2719 insulas
982 2654 1052 2719 lato
1076 2656 1164 2720 mari

182 2780 324 2846 pergere
346 2761 381 2823 in
406 2757 539 2824 Suriam
562 2756 666 2823 iubet.
700 2765 940 2823 concurrentes
971 2756 1163 2822 desertores

183 2885 242 2950 per
265 2862 454 2948 manipulos
484 2862 659 2947 conponit,
689 2871 799 2926 armat
822 2860 912 2926 lixas
942 2861 1163 2946 traiectisque

131 2984 157 3024 10
183 2968 472 3032 incontinentem
505 2963 650 3029 navibus
674 2963 838 3030 vexillum
866 2965 1013 3029 tironum
1042 2965 1077 3029 in
1100 2963 1162 3029 Su·

145 3072 266 3136 “riam
297 3065 450 3135 'euntium
483 3070 672 3155 intercipit,
706 3067 833 3152 regulis
870 3066 1014 3133 Cilicum
1047 3076 1084 3132 ut
1120 3089 1159 3132 se

183 3165 321 3238 auxiliis
356 3174 512 3236 iuvarent
547 3171 681 3255 scribit,
715 3170 808 3236 haud
836 3173 961 3255 ignavo
992 3170 1037 3237 ad
1064 3171 1162 3237 mini-

182 3271 286 3342 steria
316 3273 397 3350 belli
427 3275 547 3339 iuvene
575 3275 714 3359 Pisone,
744 3295 947 3361 quamquam
977 3274 1162 3359 suscipien-

184 3379 263 3445 dum
286 3377 410 3444 bellum
433 3377 620 3443 abnuisset.

199 3501 205 3526 a
242 3477 244 3484 '
286 3480 336 3545 79.
357 3477 469 3564 Igitur
492 3484 585 3546 oram
607 3481 738 3570 Lyciae
759 3503 799 3547 eo
822 3480 1042 3567 Pamphyliae
1063 3504 1160 3568 prae-

183 3584 352 3668 legentes,
374 3583 491 3649 obviis
519 3584 664 3650 navibus
694 3606 780 3669 quae
809 3583 1033 3673 Agrippinam
1060 3585 1162 3652 vehe-
