2552 4084
268 303 315 354 AB
333 301 497 354 EXCESSU
514 300 675 354 AUGUSTI
692 301 731 352 11.
750 299 866 355 53-55.
1009 298 1049 364 91

55 497 272 562 exterritam
299 495 449 560 oratione
478 514 582 558 saeva
611 493 780 578 increpat,
810 489 942 577 oblique
971 487 1052 556 Ger·

56 601 240 666 manieum
261 599 510 685 perstringens,
534 595 624 683 quod
646 605 766 662 contra
789 594 890 661 decus
910 593 1053 660 Romani

58 705 215 769 nominis
227 725 295 768 non
307 701 529 768 Athenienses
545 710 596 766 tot
608 698 763 766 cladibus
778 701 976 784 exstinctos,
992 699 1053 765 sed
1079 725 1092 767 s

61 806 263 873 conluviem
279 804 372 871 illam
387 807 562 870 nationum
577 805 736 869 comitate
758 803 861 868 nimie
878 802 1052 868 coluisset:

61 910 126 974 hos
167 911 256 974 euim
285 931 357 974 esse
386 907 594 973 Mithridatis
624 906 785 971 adversus
816 904 960 990 Sullam,
983 905 1052 972 An-

63 1015 156 1079 tonii
172 1013 334 1078 adversus
353 1012 466 1077 divum
478 1010 667 1094 Augustum
682 1012 802 1076 socios.
819 1012 922 1075 etiem
936 1020 1052 1075 vetera

65 1115 280 1198 obiectabat,
297 1137 381 1201 quae
398 1117 432 1179 in
448 1114 652 1180 Macedones
669 1116 872 1200 inprospere,
887 1113 1053 1179 violenter

65 1221 101 1283 in
127 1241 208 1284 suos
230 1218 401 1302 fecissent,
426 1217 569 1283 offensus
592 1217 667 1283 urbi
689 1219 823 1304 proprie
840 1238 968 1302 quoque
992 1217 1052 1300 ire,
1080 1244 1105 1283 ro

67 1325 150 1409 quia
166 1321 388 1408 Theophilum
411 1321 577 1407 quendam
592 1319 681 1386 Areo
704 1319 829 1386 iudicio
853 1319 932 1384 falsi
961 1318 1052 1384 dam·

66 1437 190 1493 natum
217 1424 371 1512 precibus
406 1427 474 1489 suis
504 1447 572 1490 uon
595 1423 830 1490 concederent.
874 1424 965 1488 exim
993 1445 1052 1488 nu·

68 1529 247 1612 rigatione
271 1526 371 1592 celeri
394 1550 454 1613 per
476 1524 647 1612 Cycladas
671 1538 704 1592 et
728 1525 926 1613 compendia
949 1527 1051 1592 maris

70 1630 271 1716 adsequitur
310 1626 550 1694 Germanicum
587 1627 677 1715 apud
710 1628 855 1696 insulam
888 1629 1052 1713 Rhodum,

71 1735 164 1800 haud
189 1736 340 1799 nescium
362 1734 480 1819 quibus
498 1734 778 1800 insectationibus
801 1735 926 1820 petitus
949 1733 1051 1798 foret:
1079 1759 1104 1799 ιι

72 1837 132 1902 sed
155 1847 256 1903 tanta
278 1837 535 1902 mansuetudine
559 1837 694 1922 agebat,
718 1847 765 1922 ut,
790 1861 865 1903 cum
881 1846 955 1903 orte
971 1846 1052 1901 tem·

73 1949 189 2026 pestes
219 1949 354 2026 reperet
382 1941 417 2006 iu
439 1939 582 2026 obrupta
606 1951 783 2028 possetque
811 1943 967 2006 interitus
991 1941 1052 2005 ini-

71 2044 149 2109 mici
180 2042 226 2108 ad
249 2065 365 2108 casum
393 2042 527 2126 referri,
560 2045 690 2110 miserit
724 2047 879 2128 triremis,
914 2065 1053 2129 quorum

72 2145 224 2212 subsidio
248 2145 433 2212 discrimini
458 2148 670 2213 eximeretur.
699 2171 806 2234 neque
830 2158 942 2213 tamen
964 2147 1056 2211 miti.

73 2260 173 2334 gatus
195 2249 291 2333 Piso,
321 2260 354 2315 et
376 2252 435 2315 vix
465 2250 532 2316 diei
559 2273 686 2316 moram
718 2274 894 2337 perpessus
930 2250 1052 2336 linquit
1077 2272 1104 2316 oo

74 2351 312 2419 Germanicum
333 2356 583 2441 praevenitque.
607 2365 641 2420 ot
662 2366 840 2442 postquam
856 2353 988 2421 Suriam
1011 2377 1051 2420 ao
1102 2391 1103 2402 ι

74 2459 225 2542 legiones
248 2459 374 2542 attigit,
398 2459 590 2543 largitione,
614 2460 756 2544 ambitu,
786 2459 917 2524 infimos
946 2459 1051 2523 mani·

73 2561 241 2646 pularium
257 2561 415 2646 iuvando,
439 2586 515 2628 oum
530 2573 661 2629 veteres
678 2564 900 2645 centuriones,
918 2583 1051 2627 severos

75 2663 226 2730 tribunos
251 2663 443 2730 demoveret
466 2666 605 2753 locaque
629 2689 742 2732 eorum
771 2665 950 2731 clientibus
982 2665 1050 2730 suis

75 2768 128 2834 vel
158 2767 335 2833 deterrimo
359 2771 477 2856 cuique
501 2770 715 2854 attribueret,
745 2767 910 2835 desidiam
937 2770 972 2832 iu
996 2792 1051 2833 ca·
1079 2793 1105 2834 ιι

77 2873 164 2955 stris,
187 2871 359 2938 licentiam
382 2875 417 2937 in
432 2873 581 2958 urbibus,
605 2895 730 2958 vagum
752 2895 792 2938 ao
816 2870 1052 2937 lascivientem

76 2999 133 3062 per
160 2995 261 3059 agros
290 2975 431 3042 militem
460 2980 599 3062 sineret,
628 3000 667 3044 eo
695 2998 799 3062 usque
829 2977 1050 3061 corruptionis

77 3088 252 3165 provectus
281 3088 347 3164 est,
371 3091 408 3146 ut
431 3103 582 3148 sermone
610 3082 704 3166 vulgi
731 3101 853 3167 pareus
882 3077 1052 3162 legionum

77 3180 263 3247 haberetur.
307 3205 369 3248 nec
392 3183 556 3250 Plancina
585 3207 621 3249 so
650 3186 739 3250 intra
768 3182 890 3248 decora
918 3181 1051 3245 feminis

80 3282 229 3367 tenebat,
252 3285 313 3350 sed
336 3287 498 3352 exercitio
522 3289 684 3373 equitum,
715 3284 909 3352 decursibus
934 3283 1048 3348 cohor·
1076 3310 1102 3350 ιο

80 3389 159 3452 tium
174 3387 345 3472 interesse,
362 3391 398 3456 in
413 3388 644 3477 Agrippinam,
667 3392 703 3454 in
720 3382 956 3455 Germanicum
972 3409 1050 3453 con-

82 3489 228 3555 tumelias
246 3493 367 3575 iecere,
392 3492 592 3578 quibusdam
614 3495 716 3558 etiam
731 3492 894 3558 bonorum
908 3487 1051 3554 militum

83 3593 124 3660 ad
144 3594 231 3660 mals
255 3593 414 3680 obsequis
438 3597 610 3682 promptis,
636 3595 725 3680 quod
746 3593 837 3660 haud
861 3593 966 3657 invito
991 3593 1049 3658 im⁶
