2534 4084
217 287 368 386 XXXIV
588 314 823 366 Ancona-nm.

220 511 357 576 sceleris
379 509 550 575 Eudemus
574 508 736 577 medicus.
770 545 811 553 -
842 507 872 572 4.
895 506 1026 572 Drusus
1054 501 1199 569 Germa-

218 616 287 680 nici
314 613 403 679 filius
434 624 550 699 togam
580 612 713 678 virilem
743 613 853 678 sumit.
898 610 1054 677 Tiberius
1085 607 1198 673 denuc

219 717 354 783 simulat
387 716 622 804 proficiscendi
649 717 683 781 in
713 717 906 804 provincias
936 713 1123 779 consilium.
1155 748 1199 756 —

217 823 247 887 5.
272 821 380 887 status
409 819 579 907 publicus,
609 843 765 887 numerus
799 820 977 904 legionum.
1013 838 1128 882 earum
1166 827 1200 880 et

217 925 404 991 cohortium
426 934 458 989 et
488 923 649 989 classium
676 924 752 989 loca
776 932 997 1016 exponuntur.
1030 954 1072 966 -—
1095 917 1126 985 6.
1151 921 1199 985 ci·

217 1029 295 1095 vilis
330 1028 579 1094 administratio
615 1028 724 1115 qualis
758 1027 922 1093 hactenus
951 1026 1061 1091 fuerit.
1100 1060 1143 1070 —
1169 1023 1198 1088 7.

217 1142 319 1199 aucta
336 1130 450 1197 Seiani
466 1133 619 1219 potentia
635 1131 748 1218 palam
772 1139 998 1218 conquerente
1012 1127 1135 1194 Druso.
1154 1165 1198 1173 —-

217 1239 246 1302 8.
270 1260 333 1324 quo
356 1259 415 1324 per
437 1258 603 1301 venenum
626 1235 760 1301 sublato
783 1234 940 1300 Tiberius
970 1235 1119 1299 animum
1141 1233 1198 1298 fir-

216 1351 302 1423 mat,
327 1349 482 1405 senatum
511 1341 611 1424 erigit
641 1341 738 1426 eique
762 1337 958 1405 Germanici
979 1336 1066 1403 filios
1089 1337 1197 1402 Nero-

216 1467 291 1510 nem
315 1454 349 1508 et
363 1442 512 1508 Drusum
535 1442 749 1509 commendat
771 1452 809 1507 ut
832 1443 962 1529 imperii
984 1440 1137 1506 heredes.
1154 1477 1196 1485 —-

216 1545 246 1612 9.
270 1547 368 1613 funus
384 1547 489 1611 Drusi
512 1548 697 1631 imaginum
719 1568 840 1632 pompa
863 1545 1138 1610 illustrissimum.
1155 1582 1197 1590 —-

221 1652 261 1717 10
284 1662 316 1717 et
342 1653 391 1714 11.
415 1650 521 1716 falsus
550 1650 592 1715 de
607 1649 712 1716 Drusi
727 1672 810 1715 nece
826 1672 947 1734 rumor,
971 1652 1028 1737 qui
1043 1660 1198 1738 prompte

218 1757 394 1822 refutatur.
418 1792 460 1800 -
485 1754 534 1818 12.
558 1753 673 1841 populi
696 1754 792 1820 lavor
814 1754 894 1820 filiis
919 1752 1114 1821 Germanici
1137 1779 1196 1822 no·

215 1863 303 1926 xius.
326 1861 368 1924 iis
393 1869 425 1924 et
448 1859 659 1945 Agrippinae
683 1856 826 1924 Seianus
851 1858 994 1923 insidias
1019 1861 1130 1924 struit.
1154 1897 1196 1904 -

218 1963 267 2029 13.
284 1963 439 2029 Tiberius
456 1961 647 2046 legationes
665 1971 698 2028 et
714 1963 950 2026 accusationes
967 1963 1147 2028 civitatum
1164 1975 1197 2029 et

216 2068 466 2155 provinciarum
485 2065 591 2131 audit.
607 2063 797 2152 'periculum
816 2067 960 2130 insontis
983 2063 1020 2131 C.
1038 2064 1196 2133 Gracchi.

217 2207 259 2216 —
284 2168 334 2234 14.
359 2172 479 2236 iterum
496 2170 537 2235 dc
553 2171 658 2257 asylis
683 2180 805 2236 actum.
829 2169 1012 2235 histriones
1037 2193 1079 2236 ex
1094 2172 1197 2238 Italia

215 2273 313 2362 pulsi.
336 2309 379 2319 —
405 2272 454 2338 15.
479 2274 566 2340 alter
590 2298 632 2340 ex
656 2276 799 2358 geminis
822 2272 928 2340 Drusi
957 2273 1073 2341 liberis
1096 2278 1197 2341 mori-

215 2389 287 2464 tur,
310 2380 391 2444 item
412 2377 565 2445 Lucilius
597 2378 736 2464 Longus
764 2382 927 2467 principis
957 2384 1096 2447 amicus.
1127 2383 1198 2446 eius

216 2485 406 2550 censorium
428 2484 539 2550 funus.
563 2483 684 2571 Capito
702 2485 892 2550 damnatur.
916 2524 957 2532 —
977 2485 1026 2551 16.
1050 2484 1107 2550 lex
1121 2484 1195 2550 lata

216 2589 258 2654 de
279 2588 414 2653 flamine
436 2586 540 2653 Diali.
563 2587 761 2655 Vestalibus
784 2589 921 2655 habitus
944 2590 1061 2655 honos.

320 2690 369 2756 17.
405 2689 581 2757 sollemnia
614 2701 695 2758 vota
729 2715 787 2779 pro
821 2695 984 2779 principe,
1022 2695 1102 2758 item
1134 2715 1195 2779 pro

214 2794 347 2861 Nerone
370 2803 404 2860 et
426 2792 549 2860 Druso.
580 2795 658 2860 hinc
683 2795 820 2861 offensio
843 2796 987 2881 Tiberii,
1012 2819 1110 2885 quem
1140 2799 1197 2862 sti·

214 2897 320 2964 mulat
357 2896 509 2964 Seianus.
547 2936 588 2944 —
630 2898 678 2965 18.
716 2899 805 2965 idem
839 2898 1034 2967 Germanici
1070 2901 1195 2965 amicos

215 3001 425 3087 aggreditur.
462 3040 504 3047 —
535 3000 584 3068 19.
615 3001 717 3069 Silius
749 2999 1010 3090 repetundarum
1034 3013 1066 3068 et
1096 3005 1197 3069 maic-

215 3109 315 3173 statis
343 3116 524 3172 accusatus
552 3109 780 3172 imminentem
807 3107 1058 3173 damnationem
1080 3106 1196 3172 volun·

214 3213 302 3277 teria
342 3220 450 3276 morte
483 3213 669 3297 praevenit.
704 3247 746 3256 —
782 3209 834 3276 20.
873 3233 960 3276 uxor
993 3212 1063 3276 eius
1101 3210 1196 3275 Sosia

215 3319 249 3382 in
288 3315 443 3380 exsilium
480 3315 626 3401 pellitur.
664 3309 717 3379 M!
753 3314 874 3400 Lepidi
908 3314 1038 3379 laudes.
1073 3351 1115 3359 —
1145 3313 1194 3376 21.

214 3418 417 3506 Calpurnius
448 3419 524 3484 Piso
554 3419 743 3484 maiestatis
773 3440 849 3482 rcus
885 3425 1069 3503 opportune
1097 3419 1192 3483 mori-

215 3532 279 3588 tur.
326 3520 465 3588 Cassius
499 3519 641 3588 Severus
677 3524 711 3586 in
746 3543 865 3586 saxum
896 3519 1070 3608 Seriphum
1108 3520 1189 3586 rele-

210 3637 319 3712 gatur.
343 3661 386 3671 —
409 3625 459 3691 22.
484 3625 635 3691 Plautius
662 3624 817 3690 Silvanus
842 3625 985 3710 coniuge
1008 3625 1187 3690 interfecta
