2552 4084
205 289 248 356 90
532 286 707 339 CORNELII
725 285 848 338 ‘riom

204 481 380 548 manubias
402 490 581 566 castraque
597 476 737 544 Antonii
758 499 836 544 cum
854 476 1091 544 recordatione
1113 500 1183 543 ma·

154 603 178 643 10
205 589 311 652 iorum
327 606 462 650 suorum
477 583 573 650 adiit.
595 603 740 668 namque
756 582 798 666 ei,
813 591 851 647 ut
866 583 1058 664 memoravi,
1075 603 1183 646 avun-

204 690 298 756 culus
327 686 512 772 Augustae,
541 709 624 752 avus
653 685 820 752 Antonius
850 695 964 768 erant,
991 705 1185 770 magnaque

204 794 274 859 11110
310 795 420 877 imago
461 793 609 857 tristium
648 791 887 876 laetorumque.
931 788 1009 854 hinc
1044 799 1188 855 ventum

203 897 371 978 Athenas,
393 895 586 980 foederique
617 896 730 960 sociae
754 903 787 958 et
816 901 971 958 vetustae
1001 891 1095 958 urbis
1125 893 1187 958 da·

203 1011 283 1084 tum,
306 1009 344 1064 ut
359 1021 425 1064 uno
441 998 560 1064 1101010
574 1006 734 1063 uteretur.
758 1019 920 1082 excepere
934 994 1058 1062 Graeci
1081 1017 1187 1082 quae·

151 1119 177 1160 1⁵
205 1105 372 1170 sitissimis
395 1102 588 1186 honoribus,
612 1111 729 1168 vetera
752 1123 887 1166 suorum
909 1099 1002 1164 sacta
1020 1098 1187 1185 dictaque

202 1208 445 1296 praeferentes,
481 1227 544 1292 quo
577 1206 652 1292 plus
689 1205 895 1290 dignationis
936 1201 1088 1268 adulatio
1125 1202 1187 1270 ha-

202 1312 307 1378 beret.

304 1412 356 1478 54.
379 1413 490 1479 Petita
514 1413 592 1478 inde
607 1413 748 1478 Euboea
772 1412 917 1477 tramisit
939 1407 1099 1492 Lesbum,
1125 1408 1189 1474 ubi

202 1517 389 1604 Agrippina
412 1519 593 1582 novissimo
617 1527 716 1603 partu
738 1515 860 1581 Iuliam
882 1512 998 1580 edidit.
1028 1522 1100 1578 tum
1125 1537 1186 1578 ex·

202 1631 308 1686 trema
331 1618 434 1685 Asiae
456 1619 716 1705 Perinthumque
739 1642 780 1684 ac
803 1618 1023 1704 Byzantium,
1051 1615 1186 1682 Thrae-

202 1726 272 1791 cias
296 1723 407 1806 urbes,
430 1745 510 1789 mox
532 1722 746 1811 Propontidis
771 1723 948 1805 angustias
977 1730 1070 1786 etos
1094 1719 1186 1785 Pon-

162 1854 175 1896 s
203 1831 307 1894 ticum
330 1829 445 1909 intrat,
469 1826 627 1915 cupidine
650 1833 780 1892 veteres
804 1827 896 1892 locos
920 1824 1068 1890 etfama
1092 1822 1185 1890 cele·

200 1932 317 1998 bretos
351 1930 531 2015 noscendi3
574 1932 766 2017 pariterque
805 1930 998 2017 provincias
1033 1929 1183 1992 internis

201 2035 441 2102 certaminibus
464 2045 524 2101 aut
545 2036 806 2118 magistratuum
829 2033 960 2098 iniuriis
988 2033 1098 2098 fessas
1129 2056 1183 2096 re·

200 2139 347 2204 fovebat.
386 2147 486 2223 atque
507 2136 602 2202 illum
624 2139 659 2202 in
681 2157 837 2221 regressu
860 2158 959 2202 sacra
983 2133 1184 2201 Samothra-

201 2265 275 2308 cum
314 2243 423 2307 visere
467 2243 630 2306 nitentem
666 2239 756 2306 obvii
795 2239 969 2326 aquilones
1010 2237 1182 2324 depulere.

147 2371 174 2411 ro
200 2347 304 2429 igitur
326 2343 419 2410 adito
442 2343 506 2408 Ilio
530 2365 679 2430 quaeque
702 2344 748 2409 ibi
771 2347 938 2410 varietate
966 2342 1123 2407 fortunae
1147 2353 1182 2407 et

199 2451 306 2515 nostri
329 2450 457 2531 origine
486 2448 697 2531 veneranda,
732 2449 852 2533 relegit
875 2446 992 2512 Asiam
1020 2444 1181 2532 adpellit-

199 2575 262 2639 que
286 2550 499 2636 Colophona,
522 2561 560 2617 ut
583 2549 687 2616 Clarii
710 2550 877 2638 Apollinis
902 2549 1037 2616 oraculo
1065 2557 1178 2614 utere-

199 2667 263 2722 tur.
287 2677 354 2720 non
377 2655 501 2721 femina
525 2656 605 2738 illic,
628 2666 666 2720 ut
690 2655 779 2742 apud
801 2654 961 2742 Delphos,
986 2651 1046 2718 sed
1069 2654 1175 2718 certis

199 2784 216 2824 e
240 2757 374 2823 familiis
399 2769 432 2824 et
455 2759 557 2824 ferme
579 2759 696 2825 Mileto
720 2762 850 2825 accitus
875 2756 1032 2824 sacerdos
1057 2777 1174 2821 nume·

147 2884 172 2926 15
198 2887 272 2930 rum
292 2862 391 2928 modo
414 2863 677 2930 consultantium
700 2874 733 2929 ct
754 2865 889 2929 nomina
913 2859 1024 2942 audit3
1048 2869 1120 2925 tum
1142 2863 1179 2925 in

198 2989 333 3054 specum
349 2966 537 3052 degressus,
560 2968 682 3033 hausta
705 2966 807 3031 fontis
824 2966 942 3031 arcani
958 2985 1056 3049 aqua,
1080 2964 1178 3047 igne·

197 3095 253 3138 rus
287 3072 479 3158 plerumque
512 3071 701 3137 litterarum
735 3079 768 3135 et
803 3070 988 3134 carminum
1021 3065 1093 3131 edit
1125 3091 1177 3132 re·

198 3197 320 3263 sponsa
343 3175 496 3240 versibus
519 3175 712 3261 compositis
736 3195 834 3258 super
856 3170 967 3253 rebus,
991 3191 1074 3256 quas
1099 3171 1173 3255 quis

196 3289 307 3345 mente
330 3280 494 3364 concepit.
540 3287 573 3342 et
600 3277 771 3342 ferebatur
795 3273 996 3340 Germanico
1024 3295 1085 3359 per
1107 3296 1176 3337 am·

145 3403 171 3442 ao
196 3383 313 3466 bages,
336 3391 374 3445 ut
396 3401 465 3445 mos
491 3380 646 3464 oraculis,
669 3389 835 3445 maturum
850 3380 978 3444 exitum
999 3377 1175 3443 cecinisse.

299 3482 351 3548 55.
375 3482 422 3548 At
445 3482 504 3548 Cn.
527 3484 615 3566 Piso,
645 3503 709 3568 quo
737 3483 970 3568 properantius
1002 3479 1174 3545 destinata

195 3588 374 3672 inciperet,
398 3583 1007 3672 01111010114Α11101110001111111111111110
1036 3585 1173 3650 incessu
