2500 4084
235 377 281 427 AB
300 375 464 428 Excusso
483 373 642 432 AUGUSTI
658 375 704 428 VI.
725 377 835 428 34-36.
958 373 1018 438 241

37 569 143 636 modo
167 569 331 655 equestris
353 568 470 656 proelii
493 591 584 634 more
606 569 727 634 frontis
752 577 785 634 et
813 566 902 652 tergi
917 566 1024 649 vices,

39 673 229 760 aliquando
258 682 296 740 ut
328 682 486 740 conserta
519 674 594 740 acie
627 671 822 760 corporibus
857 681 891 736 et
923 669 1023 757 pulsu

41 799 215 844 armorum
235 775 401 864 pellerent
423 776 640 864 pellerentur.
686 778 817 862 iamque
841 784 874 842 et
896 773 1022 840 Albani
1050 793 1075 833 ro

40 880 233 968 Hiberique
255 903 426 968 prensare,
451 879 647 966 detrudere,
671 879 855 966 ancipitem
875 900 1026 966 pugnam

41 983 203 1049 hostibus
227 983 355 1068 iacere,
385 1005 467 1070 quos
498 1007 598 1071 super
632 1007 732 1073 eques
756 994 790 1050 et
812 983 1025 1070 propioribus

41 1086 244 1154 vulneribus
266 1086 397 1173 pedites
413 1087 647 1154 adflictabant.
671 1089 760 1154 inter
781 1109 867 1176 quae
882 1087 1026 1152 Pharas·

44 1213 167 1256 manes
192 1189 397 1278 Orodesque,
423 1191 502 1258 dum
524 1192 672 1258 strenuis
695 1191 820 1258 adsunt
848 1199 908 1256 aut
931 1189 1026 1256 dubi-

44 1291 203 1359 tantibus
227 1292 445 1378 subveniunt,
483 1295 658 1381 conspicui
684 1315 788 1381 eoque
814 1295 929 1378 gnari,
958 1293 1026 1360 cla·
1057 1310 1080 1350 ¹⁵

45 1419 144 1464 more
176 1395 253 1462 telis
288 1399 381 1484 equis
416 1407 634 1480 concurrunt,
670 1398 851 1463 instantius
885 1397 1028 1464 Pharas-

45 1523 184 1585 manes3
206 1523 286 1566 nam
301 1500 423 1568 vulnus
445 1524 505 1588 per
520 1501 655 1586 galeam
672 1500 798 1590 adegit.
819 1524 883 1567 neo
906 1503 1030 1567 iterare

47 1605 177 1688 valuit,
211 1605 384 1692 praelatus
419 1627 502 1692 equo
541 1617 574 1672 et
613 1606 806 1672 fortissimis
844 1603 1030 1671 satellitum

47 1709 309 1797 protegentibus
334 1712 501 1778 saucium:
535 1711 627 1777 fama
660 1721 775 1778 tamen
809 1710 914 1777 occisi
941 1708 1028 1775 falso

49 1813 183 1880 credita
207 1815 373 1880 exterruit
387 1814 531 1880 Parthos
554 1816 798 1902 victoriamque
820 1835 1029 1880 concessere.
1058 1827 1085 1868 ²⁰

157 1917 209 1982 36.
231 1917 314 1984 Mox
328 1917 524 1985 Artabanus
547 1927 621 1986 tota
635 1918 723 1985 mole
746 1920 842 2003 regni
858 1917 966 1985 ultum
982 1921 1031 1984 iit.

53 2023 179 2111 peritia
201 2021 351 2088 locorum
374 2021 417 2089 ab
441 2021 580 2090 Hiberis
601 2021 720 2089 melius
743 2032 946 2109 pugnatum
968 2046 1031 2090 nec

52 2127 133 2193 ideo
156 2125 374 2211 abscedebat,
397 2128 433 2191 ni
455 2127 642 2193 contractis
665 2125 856 2211 legionibus
873 2126 1032 2193 Vitellius

55 2239 89 2295 et
114 2228 250 2295 subdito
273 2251 405 2296 rumore
412 2278 420 2313 ,
444 2238 616 2317 tamquam
637 2227 917 2316 Mesopotamiam
939 2232 1034 2296 inva-

56 2356 173 2418 surus,
201 2342 326 2398 metum
348 2333 491 2398 Romani
517 2331 600 2398 belli
622 2332 769 2400 fecisset.
815 2344 886 2400 tum
910 2336 1035 2400 omissa
1061 2358 1074 2399 s

56 2436 219 2504 Armenia
249 2457 434 2522 versaeque
462 2434 633 2502 Artabani
666 2458 730 2520 res,
774 2436 948 2504 inliciente
976 2438 1035 2504 Vi·

57 2539 154 2606 tellio
179 2540 374 2606 desererent
395 2559 510 2624 regem
533 2561 671 2606 saevum
693 2541 728 2604 in
752 2562 836 2626 pace
859 2550 892 2605 et
917 2540 1035 2606 adver-

59 2645 106 2709 sis
135 2642 339 2731 proeliorum
367 2645 557 2710 exitiosum.
602 2645 707 2728 igitur
730 2643 910 2728 Sinnaces,
939 2668 1038 2733 quem

60 2754 164 2811 antea
200 2746 367 2812 infensum
410 2749 611 2831 memoravi,
645 2757 775 2834 patrem
808 2747 1038 2834 Abdagaesen

60 2849 213 2935 aliosque
237 2850 387 2918 occultos
411 2849 545 2916 consilii
568 2853 724 2918 conscios
759 2861 792 2917 et
822 2862 902 2919 tune
931 2855 1038 2919 conti·
1066 2877 1091 2918 ro

61 2955 138 3020 nuis
166 2953 321 3019 cladibus
349 2955 571 3040 promptiores
601 2954 647 3020 ad
671 2955 894 3022 defectionem
922 2957 1038 3041 trahit,

62 3056 288 3124 adfluentibus
310 3057 485 3144 paulatim,
509 3059 565 3144 qui
587 3067 679 3124 metu
692 3060 802 3144 magis
826 3081 924 3145 quam
939 3058 1039 3126 bene·

62 3164 213 3230 volentia
246 3162 390 3229 subiecti
429 3164 570 3250 repertis
605 3163 798 3231 auctoribus
832 3162 1041 3230 sustulerant

67 3268 226 3333 animum.
249 3287 312 3332 nec
334 3267 403 3333 iam
426 3265 520 3334 aliud
541 3266 719 3333 Artabano
742 3266 916 3355 reliquum,
940 3291 1040 3356 quam

67 3373 95 3437 si
120 3372 177 3458 qui
200 3380 415 3436 externorum
442 3372 573 3458 corpori
598 3370 756 3438 custodes
787 3370 940 3457 aderant,
972 3373 1041 3438 suis
1070 3392 1095 3434 11

67 3477 208 3562 quisque
240 3472 376 3541 sedibus
407 3483 575 3559 extorres,
599 3475 673 3562 quis
696 3495 804 3561 neque
835 3474 916 3541 boni
945 3475 1043 3542 intel·

67 3579 178 3646 lectus
200 3598 309 3664 neque
331 3578 413 3644 mali
437 3600 535 3664 cura,
565 3578 626 3645 sed
647 3579 803 3646 mercede
827 3577 963 3646 aluntur
984 3581 1044 3646 mi·

68 3683 168 3750 nistri
198 3681 391 3750 sceleribus.
436 3681 488 3748 his
519 3682 706 3770 adsumptis
740 3683 776 3747 in
804 3680 989 3772 longinqua
1013 3692 1046 3749 et

123 3835 244 3878 melros
257 3835 274 3880 1.
639 3899 642 3908 Δ
945 3819 977 3871 ld
