2530 4084
212 313 254 378 98
541 312 714 364 CORNELII
732 312 856 364 TAGITI

162 537 187 577 ω
212 505 437 592 Rhescuporis
462 502 657 589 sanciendo,
681 515 718 572 ut
742 503 935 589 dictitabat,
957 503 1090 571 foederi
1116 527 1207 572 con-

210 609 338 674 vivium
354 607 471 692 adicit,
493 617 671 695 tractaque
694 609 729 673 in
751 607 892 674 multam
905 618 1042 673 noctem
1056 607 1209 676 laetitia

210 734 270 799 per
286 712 401 799 epulas
425 735 466 779 ao
482 711 703 778 vinolentiam
717 713 891 777 incautum
905 709 1017 796 Cotyn
1033 720 1077 796 et,
1102 697 1205 800 pbst-

212 837 312 901 quam
345 815 459 881 dolum
492 816 725 901 intellexerat,
761 838 860 882 saera
889 817 1001 899 regni,
1040 816 1207 882 eiusdem

210 918 360 984 familiae
396 919 474 984 deos
505 928 538 984 et
571 918 750 1006 hospitalis
785 940 920 986 mensas
961 917 1206 986 obtestantem

159 1055 183 1097 η
211 1027 341 1090 catenis
366 1034 494 1090 onerat.
532 1024 766 1110 Thraeciaque
789 1025 880 1090 omni
901 1024 1029 1110 potitus
1053 1024 1205 1110 scripsit

211 1127 256 1192 ad
284 1128 456 1194 Tiberium
490 1137 640 1194 structas
674 1129 740 1194 sibi
773 1127 934 1212 insidias,
966 1139 1204 1214 praeventum

209 1231 458 1316 insidiatorem3
502 1232 598 1298 simul
638 1231 763 1297 bellum
802 1231 964 1297 adversus
998 1230 1201 1297 Bastarnas

211 1333 421 1423 Scythasque
454 1334 679 1422 praetendens
712 1336 810 1400 novis
843 1334 994 1420 peditum
1030 1342 1063 1399 et
1100 1337 1202 1421 equi-

210 1447 281 1505 turn
304 1442 410 1525 copiis
434 1461 509 1505 sese
531 1438 699 1505 firmabat.
744 1439 892 1505 molliter
919 1439 1141 1525 rescriptum,
1168 1440 1201 1502 si

158 1576 183 1616 ,ο
209 1542 301 1607 fraus
327 1542 473 1627 abesset,
496 1564 595 1629 posse
618 1565 693 1608 eum
716 1544 932 1609 innocentiae
954 1542 1074 1627 fidere3
1099 1553 1200 1609 cete-

209 1669 283 1710 rum
309 1669 417 1733 neque
447 1670 483 1712 se
506 1669 613 1734 neque
637 1657 791 1712 senatum
818 1648 886 1712 nisi
915 1648 1053 1731 cognita
1081 1667 1200 1712 causa

209 1751 260 1815 ius
284 1761 318 1816 et
340 1753 497 1817 iniuriam
520 1751 742 1817 discreturos:
764 1751 906 1839 proinde
929 1751 1056 1817 tradito
1079 1747 1199 1835 Cotye

208 1855 340 1920 veniret
364 1855 630 1942 transferretque
654 1855 819 1921 invidiam
842 1857 1003 1921 criminis.

312 1957 363 2024 66.
385 1959 455 2024 Eas
479 1958 612 2025 litteras
635 1959 793 2024 Latinius
816 1959 977 2024 Pandusa
999 1980 1059 2045 pro
1090 1978 1196 2044 prae-

209 2071 282 2127 tore
297 2061 447 2127 Moesiae
470 2084 545 2127 cum
567 2062 743 2146 militibus,
766 2064 839 2149 quis
856 2061 961 2149 Cotys
984 2060 1195 2144 traderetur,

209 2168 244 2230 in
266 2165 467 2232 Thraeciam
488 2167 590 2232 misit.
634 2166 857 2252 Rhescuporis
892 2168 979 2231 inter
1007 2175 1134 2230 metum
1158 2175 1197 2229 et
1263 2203 1264 2210 κ

209 2273 295 2336 iram
317 2282 498 2339 cunctatus
527 2272 646 2337 maluit
668 2274 797 2357 patrati
826 2292 927 2358 quam
949 2269 1075 2356 incepti
1105 2268 1196 2333 faci·

170 2403 182 2442 s
210 2377 302 2441 noris
337 2398 412 2441 reus
448 2397 537 2440 esse:
572 2374 681 2441 occidi
710 2374 820 2461 Cotyn
854 2374 948 2440 iubet
981 2380 1194 2458 mortemque

210 2490 329 2566 sponte
370 2489 537 2566 sumptam
571 2481 760 2546 ementitur.
814 2501 876 2544 nec
910 2486 1025 2543 tamen
1058 2473 1195 2541 Caesar

208 2582 353 2668 placitas
390 2581 491 2648 semel
520 2585 604 2648 artis
635 2585 794 2666 mutavit,
824 2582 884 2648 sed
914 2582 1072 2648 defuncto
1099 2578 1193 2645 Pan-

209 2685 311 2770 dusa,
335 2708 432 2772 quem
462 2684 527 2751 sibi
561 2687 728 2751 infensum
755 2685 981 2772 Rhescuporis
1009 2680 1193 2767 arguebat,

208 2789 428 2875 Pomponium
453 2789 631 2872 Flaccum,
660 2799 812 2854 veterem
841 2787 1019 2875 stipendiis
1047 2795 1083 2852 et
1110 2795 1191 2850 arta
1262 2849 1263 2858 ,

157 2920 183 2963 ιο
208 2914 284 2956 oum
317 2912 398 2976 rege
439 2894 591 2958 amicitia
626 2913 730 2978 eoque
770 2891 1110 2958 accommodatiorem
1144 2890 1191 2954 ad
1262 2915 1263 2938 t

207 2994 402 3079 fallendum,
427 2994 468 3060 ob
492 2995 528 3060 id
549 2997 695 3062 maxime
718 2995 867 3061 Moesiae
889 2994 1062 3081 praefecit.

313 3097 364 3162 67.
392 3098 538 3164 Flaccus
568 3100 604 3163 in
635 3099 837 3165 Thraeciam
865 3108 1100 3182 transgressus
1128 3119 1190 3183 per

209 3204 362 3287 ingentia
390 3205 556 3289 promissa
586 3205 738 3288 quamvis
767 3202 962 3287 ambiguum
996 3210 1029 3266 et
1057 3199 1188 3266 scelera

211 3328 272 3372 sua
307 3316 521 3393 reputantem
559 3306 705 3394 perpulit
750 3315 786 3372 ut
824 3305 996 3395 praesidia
1033 3305 1189 3370 Romana

209 3412 363 3475 intraret.
408 3409 618 3476 circumdata
654 3409 732 3475 hine
776 3411 849 3494 regi
894 3409 1007 3495 specie
1050 3406 1185 3473 honoris

170 3513 324 3581 svalida
353 3534 489 3596 manus,
525 3512 720 3599 tribunique
749 3521 783 3577 et
811 3512 1024 3579 centuriones
1051 3533 1187 3577 monen-

210 3616 270 3693 do,
300 3615 490 3699 suadendo,
531 3624 565 3680 et
599 3624 724 3702 quanto
758 3615 892 3701 longius
926 3613 1185 3700 abscedebatnr,
