2534 4084
454 271 687 327 ARGUMENTA.
929 267 1059 338 XXXV
1076 323 1079 330 .

66 475 264 533 accusatus
298 489 403 532 venas
433 466 590 533 exsolvit.
619 504 661 512 —
689 463 826 529 23-25.
856 463 1057 529 Tacfarinas

66 594 195 636 rursus
219 568 344 634 bellum
372 571 407 635 in
429 569 547 636 Africa
569 579 691 635 movet.
729 566 946 633 Thubuscum
969 569 1059 654 oppi-

68 673 155 739 dum
181 672 416 756 circumsidet,
450 673 540 761 quod
562 671 743 738 Dolabella
773 669 948 737 obsidione
976 671 1058 737 libe-

66 789 140 842 rat.
189 787 361 863 postremo
390 777 436 841 ad
464 776 643 844 castellum
670 776 820 842 Auzeam
850 800 870 841 a
898 776 1058 840 Romanis

69 879 192 946 subito
210 902 387 966 oppressus
404 879 507 946 cadit.
523 918 565 926 —
581 879 632 945 26.
644 879 826 945 Dolabella
842 878 1059 964 triumphalia

70 993 283 1049 ornamenta
295 1005 362 1049 non
378 986 546 1070 impetrat.
565 983 776 1050 Ptolemaeus
788 983 982 1048 Maurorum
998 1005 1060 1047 rex

69 1109 218 1152 munera
250 1087 386 1173 accipit.
417 1123 457 1133 -
486 1085 537 1151 27.
569 1087 701 1153 servilis
732 1085 813 1152 belli
842 1087 971 1174 semina
1000 1108 1060 1173 per

71 1190 218 1256 ltaliam
252 1212 421 1277 oppressa.
465 1228 507 1236 -
541 1189 678 1256 28-30.
702 1190 822 1256 Vibius
858 1188 1003 1256 Serenus
1038 1213 1059 1255 a

70 1293 146 1359 filio
172 1304 361 1359 accusatus.
386 1291 554 1359 Cornutus
579 1316 639 1359 sua
661 1317 764 1359 manu
786 1294 889 1359 cadit.
914 1291 1058 1358 Serenus

74 1397 261 1463 damnatus
284 1394 468 1482 Amorgum
490 1407 698 1484 reportatum
726 1397 877 1483 praemia
901 1395 1059 1462 delatori·

74 1500 143 1565 bus
168 1509 309 1566 statuta.
331 1537 373 1546 —
397 1500 448 1564 31.
472 1499 509 1566 C.
526 1500 697 1567 Cominius
720 1500 896 1584 liberatur,
919 1500 955 1565 P.
973 1498 1059 1566 Suil-

79 1603 147 1668 lius
175 1603 381 1690 deportatur,
403 1604 550 1670 Firmius
567 1603 672 1670 Catus
697 1613 817 1670 senatu
838 1614 1001 1669 movetur.
1017 1641 1059 1652 —-

79 1705 123 1769 32
148 1717 184 1772 et
199 1705 251 1771 33.
274 1707 391 1773 horum
407 1707 579 1773 annalium
595 1729 672 1773 cum
685 1709 798 1795 priore
813 1707 956 1772 historia
971 1729 1058 1773 com-

76 1810 225 1896 paratio.

184 1911 227 1976 34
249 1924 283 1981 et
305 1912 357 1979 35.
386 1912 575 1980 Cremutius
607 1912 737 1980 Cordus
773 1938 884 1981 rerum
915 1919 1059 2004 scriptor

80 2015 122 2082 ob
145 2017 245 2082 Bruti
269 2026 301 2083 et
325 2015 436 2084 Cassii
458 2017 577 2084 laudes
601 2029 781 2085 accusatus
805 2019 912 2085 libere
942 2044 977 2086 se
1003 2021 1057 2086 de-

79 2121 189 2186 fendit
213 2131 246 2188 et
271 2133 390 2188 senatu
422 2135 577 2206 egressus
600 2125 707 2189 vitam
735 2122 944 2190 abstinentia
972 2125 1057 2191 finit.

80 2224 160 2290 libri
184 2227 254 2290 eius
273 2227 424 2292 cremati.
447 2262 489 2271 —
512 2224 564 2290 36.
588 2224 765 2313 Cyzicenis
782 2227 941 2316 adempta
957 2226 1057 2296 liber-

81 2339 145 2392 tas.
169 2325 290 2414 Capito
314 2327 513 2393 absolvitur.
537 2365 578 2373 -
602 2327 642 2391 37
673 2339 707 2394 et
729 2327 781 2393 38.
812 2331 926 2418 templi
955 2331 1057 2397 hono-

81 2453 152 2497 rem
181 2430 224 2496 ab
254 2432 417 2518 Hispanis
447 2431 596 2498 oblatum
619 2431 775 2498 Tiberius
803 2432 956 2518 longiore
985 2458 1057 2502 ora-

82 2537 172 2599 tione
196 2537 332 2621 spemit.
355 2573 396 2580 -
420 2533 464 2598 39
489 2545 522 2601 et
545 2532 597 2600 40.
622 2533 765 2601 Seianus
794 2538 899 2602 nimia
922 2539 1058 2605 fortuna

84 2661 194 2705 socors
225 2639 361 2705 Liviam
389 2639 455 2705 sibi
484 2662 622 2706 uxorem
651 2664 672 2706 a
699 2641 851 2727 principe
872 2644 973 2730 petit,
1002 2645 1058 2730 qui

83 2743 232 2809 modeste
254 2754 359 2828 negat
382 2752 414 2808 et
432 2741 546 2809 Seiani
569 2745 720 2809 rationes
744 2743 878 2809 refellit.
901 2782 943 2791 —
966 2745 1006 2809 41
1025 2756 1059 2814 et
1159 2821 1162 2828 Ι

83 2845 132 2910 42.
155 2856 226 2911 tum
248 2847 293 2912 ad
316 2845 507 2930 augendam
529 2848 715 2932 potentiam
731 2847 866 2913 Tiberio
888 2871 1059 2915 recessum

85 2949 125 3015 ab
148 2949 229 3014 urbe
254 2949 382 3033 suadet,
407 2951 463 3036 qui
484 2951 609 3016 auditis
633 2952 668 3015 in
692 2973 796 3017 causa
811 2950 948 3017 Votieni
963 2952 1057 3018 Mon-

56 3095 59 3102 ·
84 3055 154 3118 tani
174 3052 384 3118 contumeliis
409 3064 560 3120 senatum
583 3057 693 3120 vitare
717 3058 847 3121 statuit.
871 3093 912 3102 —-
936 3055 987 3121 43.
1011 3056 1057 3122 le-

86 3159 237 3242 gationes
261 3154 467 3223 Graecorum
501 3158 639 3223 auditae
674 3158 715 3224 de
750 3159 893 3248 templis.
927 3197 969 3206 —
1002 3160 1054 3226 44.

86 3284 168 3326 mors
191 3259 345 3344 Lentuli,
373 3260 530 3345 Domitii,
559 3260 709 3327 Antonii.
754 3300 796 3308 —
841 3261 892 3328 45.
914 3264 955 3329 L.
979 3265 1056 3330 Piso

87 3374 215 3452 praetor
238 3366 272 3428 in
295 3365 463 3450 Hispania
486 3364 529 3430 ab
559 3367 686 3450 agresti
710 3367 856 3453 quodam
878 3369 912 3432 in
936 3369 1057 3433 itinere

89 3469 291 3534 interficitur.
315 3471 528 3534 contumacia
552 3468 792 3557 comprehensi.

940 3675 972 3726 c*
