<?xml version="1.0" encoding="UTF-8"?>
<!DOCTYPE html PUBLIC "-//W3C//DTD XHTML 1.0 Transitional//EN"
    "http://www.w3.org/TR/xhtml1/DTD/xhtml1-transitional.dtd">
<html xmlns="http://www.w3.org/1999/xhtml" xml:lang="en" lang="en">
 <head>
  <title>
</title>
<meta http-equiv="Content-Type" content="text/html;charset=utf-8" />
  <meta name='ocr-system' content='tesseract 3.04.00' />
  <meta name='ocr-capabilities' content='ocr_page ocr_carea ocr_par ocr_line ocrx_word'/>
</head>
<body>
  <div class='ocr_page' id='page_1' title='image "./corneliitacitia03tacigoog_0201.png"; bbox 0 0 2530 4084; ppageno 0'>
   <div class='ocr_carea' id='block_1_1' title="bbox 216 302 1195 372">
    <p class='ocr_par' dir='ltr' id='par_1_1' title="bbox 216 302 1195 372">
     <span class='ocr_line' id='line_1_1' title="bbox 216 302 1195 372; baseline -0.006 -13"><span class='ocrx_word' id='word_1_1' title='bbox 216 307 276 372; x_wconf 86' lang='lat'>158</span> <span class='ocrx_word' id='word_1_2' title='bbox 296 306 468 358; x_wconf 81' lang='lat' dir='ltr'>CORNELII</span> <span class='ocrx_word' id='word_1_3' title='bbox 481 303 602 357; x_wconf 81' lang='lat' dir='ltr'>TAOITI</span> <span class='ocrx_word' id='word_1_4' title='bbox 617 306 663 358; x_wconf 85' lang='lat' dir='ltr'>AB</span> <span class='ocrx_word' id='word_1_5' title='bbox 673 303 835 360; x_wconf 78' lang='lat' dir='ltr'>EXCESSU</span> <span class='ocrx_word' id='word_1_6' title='bbox 844 302 1004 358; x_wconf 82' lang='lat' dir='ltr'>AUGUSTI</span> <span class='ocrx_word' id='word_1_7' title='bbox 1015 306 1067 360; x_wconf 81' lang='lat' dir='ltr'>m</span> <span class='ocrx_word' id='word_1_8' title='bbox 1081 302 1195 356; x_wconf 73' lang='lat' dir='ltr'>tt-ts.</span> 
     </span>
    </p>
   </div>
   <div class='ocr_carea' id='block_1_2' title="bbox 164 497 1256 3683">
    <p class='ocr_par' dir='ltr' id='par_1_2' title="bbox 213 497 1198 791">
     <span class='ocr_line' id='line_1_2' title="bbox 214 497 1198 584; baseline 0.001 -23"><span class='ocrx_word' id='word_1_9' title='bbox 214 499 430 584; x_wconf 88' lang='lat' dir='ltr'>imperatores</span> <span class='ocrx_word' id='word_1_10' title='bbox 444 519 505 561; x_wconf 92' lang='lat' dir='ltr'>neo</span> <span class='ocrx_word' id='word_1_11' title='bbox 523 514 622 583; x_wconf 89' lang='lat' dir='ltr'>super</span> <span class='ocrx_word' id='word_1_12' title='bbox 637 505 823 563; x_wconf 88' lang='lat' dir='ltr'>ceterorum</span> <span class='ocrx_word' id='word_1_13' title='bbox 838 497 1090 584; x_wconf 87' lang='lat' dir='ltr'>aequalitatem.</span> <span class='ocrx_word' id='word_1_14' title='bbox 1116 520 1198 564; x_wconf 92' lang='lat' dir='ltr'>con·</span> 
     </span>
     <span class='ocr_line' id='line_1_3' title="bbox 214 597 1198 687; baseline 0 -23"><span class='ocrx_word' id='word_1_15' title='bbox 214 601 317 667; x_wconf 81' lang='lat' dir='ltr'><strong>cessit</strong></span> <span class='ocrx_word' id='word_1_16' title='bbox 330 599 529 686; x_wconf 89' lang='lat' dir='ltr'>quibusdam</span> <span class='ocrx_word' id='word_1_17' title='bbox 546 608 580 664; x_wconf 90' lang='lat' dir='ltr'>et</span> <span class='ocrx_word' id='word_1_18' title='bbox 595 597 768 685; x_wconf 91' lang='lat' dir='ltr'>Augustus</span> <span class='ocrx_word' id='word_1_19' title='bbox 780 601 817 666; x_wconf 93' lang='lat' dir='ltr'>id</span> <span class='ocrx_word' id='word_1_20' title='bbox 830 601 1045 687; x_wconf 89' lang='lat' dir='ltr'>vocabulum,</span> <span class='ocrx_word' id='word_1_21' title='bbox 1058 625 1099 668; x_wconf 87' lang='lat' dir='ltr'>ac</span> <span class='ocrx_word' id='word_1_22' title='bbox 1112 612 1198 667; x_wconf 93' lang='lat' dir='ltr'>tunc</span> 
     </span>
     <span class='ocr_line' id='line_1_4' title="bbox 213 703 751 791; baseline 0.004 -23"><span class='ocrx_word' id='word_1_23' title='bbox 213 703 369 769; x_wconf 85' lang='lat' dir='ltr'>Tiberius</span> <span class='ocrx_word' id='word_1_24' title='bbox 391 704 512 770; x_wconf 83' lang='lat' dir='ltr'>Blaeso</span> <span class='ocrx_word' id='word_1_25' title='bbox 536 713 751 791; x_wconf 88' lang='lat' dir='ltr'>postremum.</span> 
     </span>
    </p>

    <p class='ocr_par' dir='ltr' id='par_1_3' title="bbox 215 806 1198 1208">
     <span class='ocr_line' id='line_1_5' title="bbox 318 806 1198 877; baseline 0.001 -7"><span class='ocrx_word' id='word_1_26' title='bbox 318 806 368 873; x_wconf 83' lang='lat'>75.</span> <span class='ocrx_word' id='word_1_27' title='bbox 405 807 528 874; x_wconf 84' lang='lat' dir='ltr'>Obiere</span> <span class='ocrx_word' id='word_1_28' title='bbox 564 831 601 874; x_wconf 93' lang='lat' dir='ltr'>eo</span> <span class='ocrx_word' id='word_1_29' title='bbox 635 831 723 874; x_wconf 91' lang='lat' dir='ltr'>anno</span> <span class='ocrx_word' id='word_1_30' title='bbox 758 810 824 874; x_wconf 91' lang='lat' dir='ltr'>viri</span> <span class='ocrx_word' id='word_1_31' title='bbox 858 809 1017 877; x_wconf 82' lang='lat' dir='ltr'>inlustres</span> <span class='ocrx_word' id='word_1_32' title='bbox 1052 807 1198 874; x_wconf 89' lang='lat' dir='ltr'>Asinius</span> 
     </span>
     <span class='ocr_line' id='line_1_6' title="bbox 216 910 1198 998; baseline -0.001 -22"><span class='ocrx_word' id='word_1_33' title='bbox 216 910 406 994; x_wconf 82' lang='lat' dir='ltr'>Saloninus,</span> <span class='ocrx_word' id='word_1_34' title='bbox 429 911 545 976; x_wconf 89' lang='lat' dir='ltr'>Marco</span> <span class='ocrx_word' id='word_1_35' title='bbox 562 911 715 998; x_wconf 82' lang='lat' dir='ltr'>Agrippa</span> <span class='ocrx_word' id='word_1_36' title='bbox 739 921 772 977; x_wconf 89' lang='lat' dir='ltr'>et</span> <span class='ocrx_word' id='word_1_37' title='bbox 795 912 948 978; x_wconf 85' lang='lat' dir='ltr'>Pollione</span> <span class='ocrx_word' id='word_1_38' title='bbox 964 912 1083 978; x_wconf 84' lang='lat' dir='ltr'>Asinio</span> <span class='ocrx_word' id='word_1_39' title='bbox 1108 913 1198 989; x_wconf 88' lang='lat' dir='ltr'>avis,</span> 
     </span>
     <span class='ocr_line' id='line_1_7' title="bbox 215 1014 1198 1103; baseline -0.001 -23"><span class='ocrx_word' id='word_1_40' title='bbox 215 1016 319 1080; x_wconf 89' lang='lat' dir='ltr'>fratre</span> <span class='ocrx_word' id='word_1_41' title='bbox 342 1015 453 1080; x_wconf 91' lang='lat' dir='ltr'>Druso</span> <span class='ocrx_word' id='word_1_42' title='bbox 481 1017 625 1099; x_wconf 88' lang='lat' dir='ltr'>insignis</span> <span class='ocrx_word' id='word_1_43' title='bbox 654 1014 860 1102; x_wconf 81' lang='lat' dir='ltr'>Caesarique</span> <span class='ocrx_word' id='word_1_44' title='bbox 893 1038 1061 1103; x_wconf 86' lang='lat' dir='ltr'>progener</span> <span class='ocrx_word' id='word_1_45' title='bbox 1090 1017 1198 1082; x_wconf 90' lang='lat' dir='ltr'>desti-</span> 
     </span>
     <span class='ocr_line' id='line_1_8' title="bbox 215 1118 1198 1208; baseline -0.002 -24"><span class='ocrx_word' id='word_1_46' title='bbox 215 1128 326 1202; x_wconf 89' lang='lat' dir='ltr'>natus,</span> <span class='ocrx_word' id='word_1_47' title='bbox 351 1129 383 1184; x_wconf 90' lang='lat' dir='ltr'>et</span> <span class='ocrx_word' id='word_1_48' title='bbox 407 1118 527 1205; x_wconf 80' lang='lat' dir='ltr'>Capito</span> <span class='ocrx_word' id='word_1_49' title='bbox 551 1119 688 1203; x_wconf 88' lang='lat' dir='ltr'>Ateius,</span> <span class='ocrx_word' id='word_1_50' title='bbox 718 1119 759 1186; x_wconf 91' lang='lat' dir='ltr'>de</span> <span class='ocrx_word' id='word_1_51' title='bbox 782 1142 846 1206; x_wconf 93' lang='lat' dir='ltr'>quo</span> <span class='ocrx_word' id='word_1_52' title='bbox 869 1124 1072 1204; x_wconf 83' lang='lat' dir='ltr'>memoravi,</span> <span class='ocrx_word' id='word_1_53' title='bbox 1103 1122 1198 1208; x_wconf 92' lang='lat' dir='ltr'>prin-</span> 
     </span>
    </p>

    <p class='ocr_par' dir='ltr' id='par_1_4' title="bbox 173 1223 1198 1725">
     <span class='ocr_line' id='line_1_9' title="bbox 173 1223 1198 1309; baseline 0.001 -22"><span class='ocrx_word' id='word_1_54' title='bbox 173 1237 185 1276; x_wconf 86' lang='lat'>⁵</span> <span class='ocrx_word' id='word_1_55' title='bbox 214 1225 322 1309; x_wconf 91' lang='lat' dir='ltr'>cipem</span> <span class='ocrx_word' id='word_1_56' title='bbox 351 1223 385 1287; x_wconf 94' lang='lat' dir='ltr'>in</span> <span class='ocrx_word' id='word_1_57' title='bbox 415 1225 555 1288; x_wconf 89' lang='lat' dir='ltr'>civitate</span> <span class='ocrx_word' id='word_1_58' title='bbox 584 1223 694 1289; x_wconf 92' lang='lat' dir='ltr'>locum</span> <span class='ocrx_word' id='word_1_59' title='bbox 724 1225 845 1290; x_wconf 87' lang='lat' dir='ltr'>studiis</span> <span class='ocrx_word' id='word_1_60' title='bbox 870 1226 1027 1292; x_wconf 91' lang='lat' dir='ltr'>civilibus</span> <span class='ocrx_word' id='word_1_61' title='bbox 1052 1225 1198 1290; x_wconf 87' lang='lat' dir='ltr'>adsecu-</span> 
     </span>
     <span class='ocr_line' id='line_1_10' title="bbox 213 1325 1196 1416; baseline -0.001 -26"><span class='ocrx_word' id='word_1_62' title='bbox 213 1336 279 1408; x_wconf 91' lang='lat' dir='ltr'>tus,</span> <span class='ocrx_word' id='word_1_63' title='bbox 303 1325 362 1392; x_wconf 89' lang='lat' dir='ltr'>sed</span> <span class='ocrx_word' id='word_1_64' title='bbox 386 1349 449 1391; x_wconf 91' lang='lat' dir='ltr'>avo</span> <span class='ocrx_word' id='word_1_65' title='bbox 473 1329 668 1392; x_wconf 81' lang='lat' dir='ltr'>centurione</span> <span class='ocrx_word' id='word_1_66' title='bbox 692 1327 849 1412; x_wconf 85' lang='lat' dir='ltr'>Sullano,</span> <span class='ocrx_word' id='word_1_67' title='bbox 880 1338 979 1416; x_wconf 87' lang='lat' dir='ltr'>patre</span> <span class='ocrx_word' id='word_1_68' title='bbox 1008 1330 1196 1416; x_wconf 89' lang='lat' dir='ltr'>praetorio.</span> 
     </span>
     <span class='ocr_line' id='line_1_11' title="bbox 215 1430 1196 1517; baseline 0.002 -23"><span class='ocrx_word' id='word_1_69' title='bbox 215 1430 427 1496; x_wconf 88' lang='lat' dir='ltr'>consulatum</span> <span class='ocrx_word' id='word_1_70' title='bbox 451 1433 481 1495; x_wconf 89' lang='lat' dir='ltr'>ei</span> <span class='ocrx_word' id='word_1_71' title='bbox 504 1430 761 1498; x_wconf 81' lang='lat' dir='ltr'>adceleraverat</span> <span class='ocrx_word' id='word_1_72' title='bbox 785 1433 970 1517; x_wconf 80' lang='lat' dir='ltr'>Augustus,</span> <span class='ocrx_word' id='word_1_73' title='bbox 999 1442 1038 1497; x_wconf 88' lang='lat' dir='ltr'>ut</span> <span class='ocrx_word' id='word_1_74' title='bbox 1060 1431 1196 1498; x_wconf 88' lang='lat' dir='ltr'>Labeo·</span> 
     </span>
     <span class='ocr_line' id='line_1_12' title="bbox 214 1533 1193 1622; baseline 0 -24"><span class='ocrx_word' id='word_1_75' title='bbox 214 1556 290 1598; x_wconf 93' lang='lat' dir='ltr'>nem</span> <span class='ocrx_word' id='word_1_76' title='bbox 317 1533 502 1600; x_wconf 89' lang='lat' dir='ltr'>Antistium</span> <span class='ocrx_word' id='word_1_77' title='bbox 532 1534 639 1600; x_wconf 90' lang='lat' dir='ltr'>isdem</span> <span class='ocrx_word' id='word_1_78' title='bbox 675 1535 805 1602; x_wconf 87' lang='lat' dir='ltr'>artibus</span> <span class='ocrx_word' id='word_1_79' title='bbox 841 1535 1107 1622; x_wconf 83' lang='lat' dir='ltr'>praecellentem</span> <span class='ocrx_word' id='word_1_80' title='bbox 1144 1535 1193 1599; x_wconf 92' lang='lat' dir='ltr'>di·</span> 
     </span>
     <span class='ocr_line' id='line_1_13' title="bbox 216 1637 1195 1725; baseline -0.001 -24"><span class='ocrx_word' id='word_1_81' title='bbox 216 1638 376 1720; x_wconf 90' lang='lat' dir='ltr'>gnatione</span> <span class='ocrx_word' id='word_1_82' title='bbox 411 1639 480 1702; x_wconf 90' lang='lat' dir='ltr'>eius</span> <span class='ocrx_word' id='word_1_83' title='bbox 504 1640 724 1721; x_wconf 83' lang='lat' dir='ltr'>magistratus</span> <span class='ocrx_word' id='word_1_84' title='bbox 755 1642 911 1704; x_wconf 88' lang='lat' dir='ltr'>anteiret.</span> <span class='ocrx_word' id='word_1_85' title='bbox 957 1662 1105 1725; x_wconf 89' lang='lat' dir='ltr'>namque</span> <span class='ocrx_word' id='word_1_86' title='bbox 1137 1637 1195 1702; x_wconf 85' lang='lat' dir='ltr'>illa</span> 
     </span>
    </p>

    <p class='ocr_par' dir='ltr' id='par_1_5' title="bbox 164 1740 1256 2243">
     <span class='ocr_line' id='line_1_14' title="bbox 164 1740 1196 1827; baseline 0.002 -23"><span class='ocrx_word' id='word_1_87' title='bbox 164 1758 188 1796; x_wconf 91' lang='lat'>1⁰</span> <span class='ocrx_word' id='word_1_88' title='bbox 217 1749 311 1804; x_wconf 89' lang='lat' dir='ltr'>aetas</span> <span class='ocrx_word' id='word_1_89' title='bbox 336 1740 400 1806; x_wconf 91' lang='lat' dir='ltr'>duo</span> <span class='ocrx_word' id='word_1_90' title='bbox 423 1743 518 1827; x_wconf 87' lang='lat' dir='ltr'>pacis</span> <span class='ocrx_word' id='word_1_91' title='bbox 544 1741 666 1806; x_wconf 87' lang='lat' dir='ltr'>decora</span> <span class='ocrx_word' id='word_1_92' title='bbox 690 1742 786 1807; x_wconf 90' lang='lat' dir='ltr'>simul</span> <span class='ocrx_word' id='word_1_93' title='bbox 809 1741 904 1807; x_wconf 89' lang='lat' dir='ltr'>tulit:</span> <span class='ocrx_word' id='word_1_94' title='bbox 928 1741 988 1807; x_wconf 90' lang='lat' dir='ltr'>sed</span> <span class='ocrx_word' id='word_1_95' title='bbox 1003 1743 1125 1808; x_wconf 90' lang='lat' dir='ltr'>Labeo</span> <span class='ocrx_word' id='word_1_96' title='bbox 1150 1744 1196 1806; x_wconf 92' lang='lat' dir='ltr'>in·</span> 
     </span>
     <span class='ocr_line' id='line_1_15' title="bbox 215 1844 1195 1931; baseline -0.003 -20"><span class='ocrx_word' id='word_1_97' title='bbox 215 1854 373 1931; x_wconf 87' lang='lat' dir='ltr'>corrupta</span> <span class='ocrx_word' id='word_1_98' title='bbox 389 1844 558 1928; x_wconf 86' lang='lat' dir='ltr'>libertato,</span> <span class='ocrx_word' id='word_1_99' title='bbox 583 1855 617 1910; x_wconf 89' lang='lat' dir='ltr'>et</span> <span class='ocrx_word' id='word_1_100' title='bbox 639 1844 681 1910; x_wconf 96' lang='lat' dir='ltr'>ob</span> <span class='ocrx_word' id='word_1_101' title='bbox 705 1846 742 1911; x_wconf 91' lang='lat' dir='ltr'>id</span> <span class='ocrx_word' id='word_1_102' title='bbox 756 1846 847 1912; x_wconf 85' lang='lat' dir='ltr'>sama</span> <span class='ocrx_word' id='word_1_103' title='bbox 864 1845 1081 1929; x_wconf 88' lang='lat' dir='ltr'>celebratior,</span> <span class='ocrx_word' id='word_1_104' title='bbox 1098 1844 1195 1931; x_wconf 86' lang='lat' dir='ltr'>Capi-</span> 
     </span>
     <span class='ocr_line' id='line_1_16' title="bbox 216 1948 1196 2036; baseline -0.001 -24"><span class='ocrx_word' id='word_1_105' title='bbox 216 1951 305 2014; x_wconf 87' lang='lat' dir='ltr'>tonis</span> <span class='ocrx_word' id='word_1_106' title='bbox 330 1949 524 2036; x_wconf 89' lang='lat' dir='ltr'>obsequium</span> <span class='ocrx_word' id='word_1_107' title='bbox 553 1948 804 2014; x_wconf 85' lang='lat' dir='ltr'>dominantibus</span> <span class='ocrx_word' id='word_1_108' title='bbox 833 1952 942 2034; x_wconf 91' lang='lat' dir='ltr'>magis</span> <span class='ocrx_word' id='word_1_109' title='bbox 972 1949 1196 2035; x_wconf 87' lang='lat' dir='ltr'>probabatur.</span> 
     </span>
     <span class='ocr_line' id='line_1_17' title="bbox 215 2051 1197 2138; baseline -0.001 -22"><span class='ocrx_word' id='word_1_110' title='bbox 215 2051 275 2134; x_wconf 92' lang='lat' dir='ltr'>illi,</span> <span class='ocrx_word' id='word_1_111' title='bbox 300 2052 389 2138; x_wconf 90' lang='lat' dir='ltr'>quod</span> <span class='ocrx_word' id='word_1_112' title='bbox 410 2063 603 2137; x_wconf 89' lang='lat' dir='ltr'>praeturam</span> <span class='ocrx_word' id='word_1_113' title='bbox 631 2055 721 2117; x_wconf 88' lang='lat' dir='ltr'>intra</span> <span class='ocrx_word' id='word_1_114' title='bbox 745 2055 857 2136; x_wconf 89' lang='lat' dir='ltr'>stetit,</span> <span class='ocrx_word' id='word_1_115' title='bbox 880 2052 1132 2118; x_wconf 87' lang='lat' dir='ltr'>commendatio</span> <span class='ocrx_word' id='word_1_116' title='bbox 1156 2074 1197 2116; x_wconf 87' lang='lat' dir='ltr'>ex</span> 
     </span>
     <span class='ocr_line' id='line_1_18' title="bbox 216 2155 1256 2243; baseline -0.001 -24"><span class='ocrx_word' id='word_1_117' title='bbox 216 2157 350 2237; x_wconf 91' lang='lat' dir='ltr'>iniuria,</span> <span class='ocrx_word' id='word_1_118' title='bbox 374 2156 462 2238; x_wconf 88' lang='lat' dir='ltr'>huic,</span> <span class='ocrx_word' id='word_1_119' title='bbox 486 2157 577 2243; x_wconf 89' lang='lat' dir='ltr'>quod</span> <span class='ocrx_word' id='word_1_120' title='bbox 599 2155 812 2222; x_wconf 89' lang='lat' dir='ltr'>consulatum</span> <span class='ocrx_word' id='word_1_121' title='bbox 827 2155 969 2243; x_wconf 89' lang='lat' dir='ltr'>adeptus</span> <span class='ocrx_word' id='word_1_122' title='bbox 994 2166 1057 2240; x_wconf 88' lang='lat' dir='ltr'>est,</span> <span class='ocrx_word' id='word_1_123' title='bbox 1084 2156 1197 2221; x_wconf 90' lang='lat' dir='ltr'>odium</span> <span class='ocrx_word' id='word_1_124' title='bbox 1255 2229 1256 2232; x_wconf 8' lang='grc' dir='ltr'><strong>Ἴ</strong></span> 
     </span>
    </p>

    <p class='ocr_par' dir='ltr' id='par_1_6' title="bbox 164 2245 1256 2393">
     <span class='ocr_line' id='line_1_19' title="bbox 164 2259 615 2326; baseline 0.002 -2"><span class='ocrx_word' id='word_1_125' title='bbox 164 2273 188 2314; x_wconf 72' lang='lat'>1⁵</span> <span class='ocrx_word' id='word_1_126' title='bbox 216 2282 259 2324; x_wconf 88' lang='lat' dir='ltr'>ex</span> <span class='ocrx_word' id='word_1_127' title='bbox 282 2259 411 2324; x_wconf 90' lang='lat' dir='ltr'>invidia</span> <span class='ocrx_word' id='word_1_128' title='bbox 434 2260 615 2326; x_wconf 90' lang='lat' dir='ltr'>oriebatur.</span> 
     </span>
    </p>

    <p class='ocr_par' dir='ltr' id='par_1_7' title="bbox 215 2363 1255 2779">
     <span class='ocr_line' id='line_1_20' title="bbox 320 2363 1196 2451; baseline 0.002 -25"><span class='ocrx_word' id='word_1_129' title='bbox 320 2363 370 2428; x_wconf 79' lang='grc'>76.</span> <span class='ocrx_word' id='word_1_130' title='bbox 393 2363 438 2428; x_wconf 85' lang='lat' dir='ltr'>Et</span> <span class='ocrx_word' id='word_1_131' title='bbox 453 2365 551 2429; x_wconf 90' lang='lat' dir='ltr'>Iunia</span> <span class='ocrx_word' id='word_1_132' title='bbox 575 2365 810 2449; x_wconf 87' lang='lat' dir='ltr'>sexagensimo</span> <span class='ocrx_word' id='word_1_133' title='bbox 835 2373 953 2450; x_wconf 90' lang='lat' dir='ltr'>quarto</span> <span class='ocrx_word' id='word_1_134' title='bbox 977 2375 1056 2451; x_wconf 91' lang='lat' dir='ltr'>post</span> <span class='ocrx_word' id='word_1_135' title='bbox 1071 2364 1196 2450; x_wconf 92' lang='lat' dir='ltr'>Philip·</span> 
     </span>
     <span class='ocr_line' id='line_1_21' title="bbox 215 2466 1196 2554; baseline -0.002 -22"><span class='ocrx_word' id='word_1_136' title='bbox 215 2489 353 2554; x_wconf 88' lang='lat' dir='ltr'>pensem</span> <span class='ocrx_word' id='word_1_137' title='bbox 376 2469 484 2533; x_wconf 90' lang='lat' dir='ltr'>aciem</span> <span class='ocrx_word' id='word_1_138' title='bbox 508 2489 596 2532; x_wconf 89' lang='lat' dir='ltr'>anno</span> <span class='ocrx_word' id='word_1_139' title='bbox 621 2489 810 2553; x_wconf 90' lang='lat' dir='ltr'>supremum</span> <span class='ocrx_word' id='word_1_140' title='bbox 834 2466 922 2533; x_wconf 89' lang='lat' dir='ltr'>diem</span> <span class='ocrx_word' id='word_1_141' title='bbox 946 2468 1110 2554; x_wconf 85' lang='lat' dir='ltr'>explevit,</span> <span class='ocrx_word' id='word_1_142' title='bbox 1134 2466 1196 2532; x_wconf 85' lang='lat' dir='ltr'>Ca-</span> 
     </span>
     <span class='ocr_line' id='line_1_22' title="bbox 217 2568 1196 2656; baseline -0.003 -20"><span class='ocrx_word' id='word_1_143' title='bbox 217 2581 295 2637; x_wconf 92' lang='lat' dir='ltr'>tone</span> <span class='ocrx_word' id='word_1_144' title='bbox 323 2571 489 2636; x_wconf 90' lang='lat' dir='ltr'>avunculo</span> <span class='ocrx_word' id='word_1_145' title='bbox 525 2573 651 2656; x_wconf 89' lang='lat' dir='ltr'>genita,</span> <span class='ocrx_word' id='word_1_146' title='bbox 687 2569 723 2636; x_wconf 79' lang='lat' dir='ltr'>O.</span> <span class='ocrx_word' id='word_1_147' title='bbox 752 2568 863 2636; x_wconf 78' lang='lat' dir='ltr'>Cassii</span> <span class='ocrx_word' id='word_1_148' title='bbox 891 2594 994 2654; x_wconf 89' lang='lat' dir='ltr'>uxor,</span> <span class='ocrx_word' id='word_1_149' title='bbox 1022 2571 1069 2635; x_wconf 91' lang='lat' dir='ltr'>M.</span> <span class='ocrx_word' id='word_1_150' title='bbox 1100 2571 1196 2636; x_wconf 86' lang='lat' dir='ltr'>Bruti</span> 
     </span>
     <span class='ocr_line' id='line_1_23' title="bbox 217 2673 1195 2760; baseline -0.007 -18"><span class='ocrx_word' id='word_1_151' title='bbox 217 2699 320 2742; x_wconf 92' lang='lat' dir='ltr'>soror.</span> <span class='ocrx_word' id='word_1_152' title='bbox 345 2684 583 2741; x_wconf 89' lang='lat' dir='ltr'>testamentum</span> <span class='ocrx_word' id='word_1_153' title='bbox 599 2675 669 2739; x_wconf 90' lang='lat' dir='ltr'>eius</span> <span class='ocrx_word' id='word_1_154' title='bbox 685 2673 789 2739; x_wconf 90' lang='lat' dir='ltr'>multo</span> <span class='ocrx_word' id='word_1_155' title='bbox 806 2674 897 2760; x_wconf 88' lang='lat' dir='ltr'>apud</span> <span class='ocrx_word' id='word_1_156' title='bbox 910 2673 1049 2758; x_wconf 89' lang='lat' dir='ltr'>vulgum</span> <span class='ocrx_word' id='word_1_157' title='bbox 1065 2695 1195 2740; x_wconf 88' lang='lat' dir='ltr'>rumore</span> 
     </span>
    </p>

    <p class='ocr_par' dir='ltr' id='par_1_8' title="bbox 179 2778 1254 3276">
     <span class='ocr_line' id='line_1_24' title="bbox 179 2778 1193 2867; baseline -0.006 -22"><span class='ocrx_word' id='word_1_158' title='bbox 179 2791 192 2830; x_wconf 77' lang='lat'>⁵</span> <span class='ocrx_word' id='word_1_159' title='bbox 217 2781 297 2865; x_wconf 88' lang='lat' dir='ltr'>fuit,</span> <span class='ocrx_word' id='word_1_160' title='bbox 325 2782 405 2867; x_wconf 89' lang='lat' dir='ltr'>quia</span> <span class='ocrx_word' id='word_1_161' title='bbox 436 2782 470 2844; x_wconf 89' lang='lat' dir='ltr'>in</span> <span class='ocrx_word' id='word_1_162' title='bbox 500 2781 632 2863; x_wconf 89' lang='lat' dir='ltr'>magnis</span> <span class='ocrx_word' id='word_1_163' title='bbox 657 2778 792 2866; x_wconf 88' lang='lat' dir='ltr'>opibus,</span> <span class='ocrx_word' id='word_1_164' title='bbox 823 2800 900 2844; x_wconf 89' lang='lat' dir='ltr'>cum</span> <span class='ocrx_word' id='word_1_165' title='bbox 922 2778 1026 2844; x_wconf 86' lang='lat' dir='ltr'>ferme</span> <span class='ocrx_word' id='word_1_166' title='bbox 1055 2788 1193 2844; x_wconf 89' lang='lat' dir='ltr'>cunctos</span> 
     </span>
     <span class='ocr_line' id='line_1_25' title="bbox 216 2880 1192 2970; baseline -0.004 -22"><span class='ocrx_word' id='word_1_167' title='bbox 216 2906 371 2970; x_wconf 87' lang='lat' dir='ltr'>proceres</span> <span class='ocrx_word' id='word_1_168' title='bbox 395 2905 471 2949; x_wconf 91' lang='lat' dir='ltr'>cum</span> <span class='ocrx_word' id='word_1_169' title='bbox 493 2883 619 2948; x_wconf 93' lang='lat' dir='ltr'>honore</span> <span class='ocrx_word' id='word_1_170' title='bbox 634 2884 891 2966; x_wconf 84' lang='lat' dir='ltr'>nominavisset,</span> <span class='ocrx_word' id='word_1_171' title='bbox 907 2880 1094 2948; x_wconf 77' lang='lat' dir='ltr'>Caesarem</span> <span class='ocrx_word' id='word_1_172' title='bbox 1118 2883 1192 2946; x_wconf 85' lang='lat' dir='ltr'>orni·</span> 
     </span>
     <span class='ocr_line' id='line_1_26' title="bbox 218 2985 1254 3073; baseline -0.005 -22"><span class='ocrx_word' id='word_1_173' title='bbox 218 2989 271 3051; x_wconf 89' lang='lat' dir='ltr'>sit.</span> <span class='ocrx_word' id='word_1_174' title='bbox 296 2987 385 3073; x_wconf 91' lang='lat' dir='ltr'>quod</span> <span class='ocrx_word' id='word_1_175' title='bbox 407 2986 554 3052; x_wconf 89' lang='lat' dir='ltr'>civiliter</span> <span class='ocrx_word' id='word_1_176' title='bbox 584 2997 776 3072; x_wconf 89' lang='lat' dir='ltr'>acceptum,</span> <span class='ocrx_word' id='word_1_177' title='bbox 806 3009 913 3073; x_wconf 91' lang='lat' dir='ltr'>neque</span> <span class='ocrx_word' id='word_1_178' title='bbox 936 2985 1111 3072; x_wconf 90' lang='lat' dir='ltr'>prohibuit</span> <span class='ocrx_word' id='word_1_179' title='bbox 1134 3005 1192 3070; x_wconf 91' lang='lat' dir='ltr'>qno</span> <span class='ocrx_word' id='word_1_180' title='bbox 1253 3007 1254 3032; x_wconf 46' lang='lat' dir='ltr'>r</span> 
     </span>
     <span class='ocr_line' id='line_1_27' title="bbox 217 3087 1194 3176; baseline -0.005 -20"><span class='ocrx_word' id='word_1_181' title='bbox 217 3093 326 3156; x_wconf 92' lang='lat' dir='ltr'>minus</span> <span class='ocrx_word' id='word_1_182' title='bbox 354 3090 550 3156; x_wconf 89' lang='lat' dir='ltr'>laudatione</span> <span class='ocrx_word' id='word_1_183' title='bbox 583 3112 643 3176; x_wconf 91' lang='lat' dir='ltr'>pro</span> <span class='ocrx_word' id='word_1_184' title='bbox 673 3092 792 3155; x_wconf 88' lang='lat' dir='ltr'>rostris</span> <span class='ocrx_word' id='word_1_185' title='bbox 816 3091 1004 3175; x_wconf 87' lang='lat' dir='ltr'>ceterisque</span> <span class='ocrx_word' id='word_1_186' title='bbox 1027 3087 1194 3153; x_wconf 91' lang='lat' dir='ltr'>sollemni·</span> 
     </span>
     <span class='ocr_line' id='line_1_28' title="bbox 217 3191 1193 3276; baseline -0.003 -18"><span class='ocrx_word' id='word_1_187' title='bbox 217 3192 279 3260; x_wconf 92' lang='lat' dir='ltr'>bus</span> <span class='ocrx_word' id='word_1_188' title='bbox 308 3194 406 3259; x_wconf 88' lang='lat' dir='ltr'>funus</span> <span class='ocrx_word' id='word_1_189' title='bbox 436 3194 724 3259; x_wconf 86' lang='lat' dir='ltr'>cohonostaretur.</span> <span class='ocrx_word' id='word_1_190' title='bbox 769 3194 893 3276; x_wconf 89' lang='lat' dir='ltr'>viginti</span> <span class='ocrx_word' id='word_1_191' title='bbox 928 3191 1193 3258; x_wconf 87' lang='lat' dir='ltr'>clarissimarum</span> 
     </span>
    </p>

    <p class='ocr_par' dir='ltr' id='par_1_9' title="bbox 167 3293 1253 3683">
     <span class='ocr_line' id='line_1_29' title="bbox 167 3293 1193 3380; baseline -0.003 -19"><span class='ocrx_word' id='word_1_192' title='bbox 167 3308 192 3346; x_wconf 89' lang='lat'>¹⁰</span> <span class='ocrx_word' id='word_1_193' title='bbox 218 3297 421 3363; x_wconf 89' lang='lat' dir='ltr'>familiarum</span> <span class='ocrx_word' id='word_1_194' title='bbox 436 3299 600 3380; x_wconf 84' lang='lat' dir='ltr'>imagines</span> <span class='ocrx_word' id='word_1_195' title='bbox 618 3295 790 3362; x_wconf 87' lang='lat' dir='ltr'>antelatae</span> <span class='ocrx_word' id='word_1_196' title='bbox 814 3304 902 3378; x_wconf 89' lang='lat' dir='ltr'>sunt,</span> <span class='ocrx_word' id='word_1_197' title='bbox 918 3293 1048 3377; x_wconf 91' lang='lat' dir='ltr'>Manlii,</span> <span class='ocrx_word' id='word_1_198' title='bbox 1073 3294 1193 3375; x_wconf 80' lang='lat' dir='ltr'>Quinc·</span> 
     </span>
     <span class='ocr_line' id='line_1_30' title="bbox 218 3396 1253 3485; baseline -0.003 -22"><span class='ocrx_word' id='word_1_199' title='bbox 218 3404 258 3463; x_wconf 92' lang='lat' dir='ltr'>tii</span> <span class='ocrx_word' id='word_1_200' title='bbox 282 3399 414 3485; x_wconf 90' lang='lat' dir='ltr'>aliaque</span> <span class='ocrx_word' id='word_1_201' title='bbox 438 3399 588 3464; x_wconf 87' lang='lat' dir='ltr'>eiusdem</span> <span class='ocrx_word' id='word_1_202' title='bbox 610 3399 800 3463; x_wconf 88' lang='lat' dir='ltr'>nobilitatis</span> <span class='ocrx_word' id='word_1_203' title='bbox 825 3400 970 3463; x_wconf 90' lang='lat' dir='ltr'>nomina.</span> <span class='ocrx_word' id='word_1_204' title='bbox 1017 3396 1079 3462; x_wconf 87' lang='lat' dir='ltr'>sed</span> <span class='ocrx_word' id='word_1_205' title='bbox 1103 3419 1191 3483; x_wconf 89' lang='lat' dir='ltr'>prae·</span> <span class='ocrx_word' id='word_1_206' title='bbox 1252 3437 1253 3472; x_wconf 51' lang='lat' dir='ltr'>t</span> 
     </span>
     <span class='ocr_line' id='line_1_31' title="bbox 219 3473 1253 3588; baseline 0 -24"><span class='ocrx_word' id='word_1_207' title='bbox 219 3501 395 3582; x_wconf 87' lang='lat' dir='ltr'>fulgebant</span> <span class='ocrx_word' id='word_1_208' title='bbox 419 3500 558 3565; x_wconf 82' lang='lat' dir='ltr'>Cassius</span> <span class='ocrx_word' id='word_1_209' title='bbox 582 3511 683 3585; x_wconf 88' lang='lat' dir='ltr'>atque</span> <span class='ocrx_word' id='word_1_210' title='bbox 698 3500 823 3565; x_wconf 90' lang='lat' dir='ltr'>Brutus</span> <span class='ocrx_word' id='word_1_211' title='bbox 848 3523 885 3566; x_wconf 91' lang='lat' dir='ltr'>eo</span> <span class='ocrx_word' id='word_1_212' title='bbox 909 3503 993 3588; x_wconf 92' lang='lat' dir='ltr'>ipso,</span> <span class='ocrx_word' id='word_1_213' title='bbox 1015 3500 1107 3588; x_wconf 91' lang='lat' dir='ltr'>quod</span> <span class='ocrx_word' id='word_1_214' title='bbox 1129 3501 1190 3565; x_wconf 88' lang='lat' dir='ltr'>esfi·</span> <span class='ocrx_word' id='word_1_215' title='bbox 1252 3473 1253 3551; x_wconf 82' lang='lat' dir='ltr'>l</span> 
     </span>
     <span class='ocr_line' id='line_1_32' title="bbox 221 3601 750 3683; baseline 0.006 -19"><span class='ocrx_word' id='word_1_216' title='bbox 221 3605 293 3683; x_wconf 88' lang='lat' dir='ltr'>gies</span> <span class='ocrx_word' id='word_1_217' title='bbox 317 3623 431 3668; x_wconf 89' lang='lat' dir='ltr'>eorum</span> <span class='ocrx_word' id='word_1_218' title='bbox 453 3623 521 3666; x_wconf 93' lang='lat' dir='ltr'>non</span> <span class='ocrx_word' id='word_1_219' title='bbox 542 3601 750 3667; x_wconf 89' lang='lat' dir='ltr'>visebantur.</span> 
     </span>
    </p>
   </div>
   <div class='ocr_carea' id='block_1_3' title="bbox 0 0 1270 4084">
    <p class='ocr_par' dir='ltr' id='par_1_10' title="bbox 0 0 1270 4084">
     <span class='ocr_line' id='line_1_33' title="bbox 0 0 1270 4084; baseline 0 1"><span class='ocrx_word' id='word_1_220' title='bbox 0 0 1270 4084; x_wconf 95' lang='lat' dir='ltr'> </span> 
     </span>
    </p>
   </div>
  </div>
 </body>
</html>
